

@MISC{Rybizki2018,
       author = {{Rybizki}, Jan and {Drimmel}, Ronald},
        title = "{gdr2\_completeness: GaiaDR2 data retrieval and manipulation}",
     keywords = {Software},
         year = "2018",
        month = "Nov",
          eid = {ascl:1811.018},
        pages = {ascl:1811.018},
archivePrefix = {ascl},
       eprint = {1811.018},
       adsurl = {https://ui.adsabs.harvard.edu/abs/2018ascl.soft11018R},
      adsnote = {Provided by the SAO/NASA Astrophysics Data System}
}


@ARTICLE{Jayasinghe2018b,
   author = {{Jayasinghe}, T. and {Stanek}, K.~Z. and {Kochanek}, C.~S. and 
	{Shappee}, B.~J. and {Holoien}, T.~W.-S. and {Thompson}, T.~A. and 
	{Prieto}, J.~L. and {Dong}, S. and {Pawlak}, M. and {Pejcha}, O. and 
	{Shields}, J.~V. and {Pojmanski}, G. and {Otero}, S. and {Britt}, C.~A. and 
	{Will}, D.},
    title = "{The ASAS-SN Catalog of Variable Stars II: Uniform Classification of 412,000 Known Variables}",
  journal = {arXiv e-prints},
archivePrefix = "arXiv",
   eprint = {1809.07329},
 primaryClass = "astro-ph.SR",
 keywords = {Astrophysics - Solar and Stellar Astrophysics},
     year = 2018,
    month = sep,
   adsurl = {http://adsabs.harvard.edu/abs/2018arXiv180907329J},
  adsnote = {Provided by the SAO/NASA Astrophysics Data System}
}

@ARTICLE{Shapee2014,
   author = {{Shappee}, B.~J. and {Prieto}, J.~L. and {Grupe}, D. and {Kochanek}, C.~S. and 
	{Stanek}, K.~Z. and {De Rosa}, G. and {Mathur}, S. and {Zu}, Y. and 
	{Peterson}, B.~M. and {Pogge}, R.~W. and {Komossa}, S. and {Im}, M. and 
	{Jencson}, J. and {Holoien}, T.~W.-S. and {Basu}, U. and {Beacom}, J.~F. and 
	{Szczygie{\l}}, D.~M. and {Brimacombe}, J. and {Adams}, S. and 
	{Campillay}, A. and {Choi}, C. and {Contreras}, C. and {Dietrich}, M. and 
	{Dubberley}, M. and {Elphick}, M. and {Foale}, S. and {Giustini}, M. and 
	{Gonzalez}, C. and {Hawkins}, E. and {Howell}, D.~A. and {Hsiao}, E.~Y. and 
	{Koss}, M. and {Leighly}, K.~M. and {Morrell}, N. and {Mudd}, D. and 
	{Mullins}, D. and {Nugent}, J.~M. and {Parrent}, J. and {Phillips}, M.~M. and 
	{Pojmanski}, G. and {Rosing}, W. and {Ross}, R. and {Sand}, D. and 
	{Terndrup}, D.~M. and {Valenti}, S. and {Walker}, Z. and {Yoon}, Y.
	},
    title = "{The Man behind the Curtain: X-Rays Drive the UV through NIR Variability in the 2013 Active Galactic Nucleus Outburst in NGC 2617}",
  journal = {\apj},
archivePrefix = "arXiv",
   eprint = {1310.2241},
 primaryClass = "astro-ph.HE",
 keywords = {galaxies: active, galaxies: nuclei, galaxies: Seyfert, line: formation, line: profiles},
     year = 2014,
    month = jun,
   volume = 788,
      eid = {48},
    pages = {48},
      doi = {10.1088/0004-637X/788/1/48},
   adsurl = {http://adsabs.harvard.edu/abs/2014ApJ...788...48S},
  adsnote = {Provided by the SAO/NASA Astrophysics Data System}
}

@article{Schlegel1998,
author = {David J Schlegel and Douglas P Finkbeiner and Marc Davis}, 
journal = {\apj},
title = {Maps of Dust Infrared Emission for Use in Estimation of Reddening and Cosmic Microwave Background Radiation Foregrounds},
pages = {525},
volume = {500},
year = {1998},
month = {Jun},
keywords = {ISM: DUST, COSMOLOGY: COSMIC MICROWAVE BACKGROUND, INTERPLANETARY MEDIUM, COSMOLOGY: DIFFUSE RADIATION, INFRARED: ISM: CONTINUUM, EXTINCTION}, 
date-added = {2010-06-20 00:01:39 -0430},
date-modified = {2010-06-20 00:01:39 -0430},
doi = {10.1086/305772},
pmid = {1998ApJ...500..525S},
URL = {http://adsabs.harvard.edu/cgi-bin/nph-data_query?bibcode=1998ApJ...500..525S&link_type=ABSTRACT},
uri = {papers://3CF19FFD-9F37-4577-AFDC-1D7F0F338DCB/Paper/p2254},
rating = {0}
}

@article{Catelan2004,
author = {M Catelan and Barton J Pritzl and Horace A Smith}, 
journal = {\apjs},
title = {The RR Lyrae Period-Luminosity Relation. I. Theoretical Calibration},
abstract = {We present a theoretical calibration of the RR Lyrae period-luminosity (PL) relation in the UBVRIJHK Johnson-Cousins-Glass system. Our theoretical work is based on calculations of synthetic horizontal branches (HBs) for several different metallicities, fully taking into account evolutionary effects besides the effect of chemical composition. Extensive tabulations of our results are provided, including convenient analytical formulae for the calculation of the coefficients of the period-luminosity relation in the different passbands as a function of HB type. We also provide ``average'' PL relations in IJHK, for applications in cases where the HB type is not known a priori; as well as a new calibration of the MV-[M/H] relation. These can be summarized as follows:MI=0.471-1.132logP+0.205logZ, MJ=-0.141-1.773logP+0.190logZ, MH=-0.551-2.313logP+0.178logZ, MK=-0.597-2.353logP+0.175logZ, andMV=2.288+0.882logZ+0.108(logZ)2.},
affiliation = {AA(Departamento de Astronom{\'\i}a y Astrof{\'\i}sica, Pontificia Universidad Cat{\'o}lica de Chile, Avenida Vicu{\~n}a Mackenna 4860, 782-0436 Macul, Santiago, Chile; mcatelan@astro.puc.cl), AB(Macalester College, 1600 Grand Avenue, Saint Paul, MN 55105; pritzl@macalester.edu), AC(Department of Physics and Astronomy, Michigan State University, East Lansing, MI 48824; smith@pa.msu.edu)},
pages = {633},
volume = {154},
year = {2004},
month = {Oct},
keywords = {STARS: VARIABLES: OTHER, Stars: Horizontal-Branch, Cosmology: Distance Scale}, 
date-added = {2010-04-20 14:06:13 -0430},
date-modified = {2010-04-22 08:46:59 -0430},
doi = {10.1086/422916},
pmid = {2004ApJS..154..633C},
URL = {http://adsabs.harvard.edu/cgi-bin/nph-data_query?bibcode=2004ApJS..154..633C&link_type=ABSTRACT},
local-url = {file://localhost/Users/cmateu/trabajo/articulos/Papers/Catelan_2004.pdf},
uri = {papers://3CF19FFD-9F37-4577-AFDC-1D7F0F338DCB/Paper/p2200},
read = {Yes},
rating = {0}
}

@article{Neeley2017,
author = {Neeley, Jillian R and Marengo, Massimo and Bono, Giuseppe and Braga, Vittorio F and Dall'Ora, Massimo and Magurno, Davide and Marconi, Marcella and Trueba, Nicolas and Tognelli, Emanuele and Moroni, Pier G Prada and Beaton, Rachael L and Freedman, Wendy L and Madore, Barry F and Monson, Andrew J and Scowcroft, Victoria and Seibert, Mark and Stetson, Peter B},
title = {{On a new theoretical framework for RR Lyrae stars II: Mid--Infrared Period--Luminosity--Metallicity Relations}},
journal = {arXiv},
year = {2017},
eprint = {1705.01970v1},
eprinttype = {arxiv},
eprintclass = {astro-ph.SR},
month = may
}

@ARTICLE{Evans2018,
       author = {{Evans}, D.~W. and {Riello}, M. and {De Angeli}, F. and {Carrasco},
        J.~M. and {Montegriffo}, P. and {Fabricius}, C. and {Jordi}, C.
        and {Palaversa}, L. and {Diener}, C. and {Busso}, G. and
        {Cacciari}, C. and {van Leeuwen}, F.},
        title = "{Gaia Data Release 2: Photometric content and validation}",
      journal = {ArXiv e-prints},
     keywords = {Astrophysics - Instrumentation and Methods for Astrophysics},
         year = 2018,
        month = Apr,
          eid = {arXiv:1804.09368},
        pages = {arXiv:1804.09368},
archivePrefix = {arXiv},
       eprint = {1804.09368},
 primaryClass = {astro-ph.IM},
       adsurl = {https://ui.adsabs.harvard.edu/#abs/2018arXiv180409368E},
      adsnote = {Provided by the SAO/NASA Astrophysics Data System}
}


@ARTICLE{Molnar2018,
       author = {{Moln{\'a}r}, L{\'a}szl{\'o} and {Plachy}, Emese and {Juh{\'a}sz},
        {\'A}ron L. and {Rimoldini}, Lorenzo},
        title = "{Gaia Data Release 2: Validation of the classification of RR Lyrae and
        Cepheid variables with the Kepler and K2 missions}",
      journal = {ArXiv e-prints},
     keywords = {Astrophysics - Solar and Stellar Astrophysics},
         year = 2018,
        month = May,
          eid = {arXiv:1805.11395},
        pages = {arXiv:1805.11395},
archivePrefix = {arXiv},
       eprint = {1805.11395},
 primaryClass = {Astrophysics - Solar and Stellar Astrophysics},
       adsurl = {https://ui.adsabs.harvard.edu/#abs/2018arXiv180511395M},
      adsnote = {Provided by the SAO/NASA Astrophysics Data System}
}

@ARTICLE{GaiaColEyer2018,
       author = {{Gaia Collaboration} and {Eyer}, L. and {Rimoldini}, L. and {Audard}, M.
        and {Anderson}, R.~I. and {Nienartowicz}, K. and {Glass}, F. and
        {Marchal}, O. and {Grenon}, M. and {Mowlavi}, N. and {Holl}, B.
        and {Clementini}, G. and {Aerts}, C. and {Mazeh}, T. and
        {Evans}, D.~W. and {Szabados}, L. and {co-authors}, 438},
        title = "{Gaia Data Release 2: Variable stars in the colour-absolute magnitude
        diagram}",
      journal = {ArXiv e-prints},
     keywords = {Astrophysics - Solar and Stellar Astrophysics},
         year = 2018,
        month = Apr,
          eid = {arXiv:1804.09382},
        pages = {arXiv:1804.09382},
archivePrefix = {arXiv},
       eprint = {1804.09382},
 primaryClass = {Astrophysics - Solar and Stellar Astrophysics},
       adsurl = {https://ui.adsabs.harvard.edu/#abs/2018arXiv180409382G},
      adsnote = {Provided by the SAO/NASA Astrophysics Data System}
}



@ARTICLE{Holl2018,
       author = {{Holl}, B. and {Audard}, M. and {Nienartowicz}, K. and {Jevardat de
        Fombelle}, G. and {Marchal}, O. and {Mowlavi}, N. and
        {Clementini}, G. and {De Ridder}, J. and {Evans}, D.~W. and
        {Guy}, L.~P. and {Lanzafame}, A.~C. and {Lebzelter}, T. and
        {Rimoldini}, L. and {Roelens}, M. and {Zucker}, S. and
        {Distefano}, E. and {Garofalo}, A. and {Lecoeur-Ta{\"\i}bi}, I.
        and {Lopez}, M. and {Molinaro}, R. and {Muraveva}, T. and
        {Panahi}, A. and {Regibo}, S. and {Ripepi}, V. and {Sarro},
        L.~M. and {Aerts}, C. and {Anderson}, R.~I. and {Charnas}, J.
        and {Barblan}, F. and {Blanco-Cuaresma}, S. and {Busso}, G. and
        {Cuypers}, J. and {De Angeli}, F. and {Glass}, F. and {Grenon},
        M. and {Juh{\'a}sz}, {\'A}. L. and {Kochoska}, A. and {Koubsky},
        P. and {Lanza}, A.~F. and {Leccia}, S. and {Lorenz}, D. and
        {Marconi}, M. and {Marschalk}, G. and {Mazeh}, T. and {Messina},
        S. and {Mignard}, F. and {Moitinho}, A. and {Moln{\'a}r}, L. and
        {Morgenthaler}, S. and {Musella}, I. and {Ordenovic}, C. and
        {Ord{\'o}{\~n}ez}, D. and {Pagano}, I. and {Palaversa}, L. and
        {Pawlak}, M. and {Plachy}, E. and {Pr{\v{s}}a}, A. and {Riello},
        M. and {S{\"u}veges}, M. and {Szabados}, L. and {Szegedi-Elek},
        E. and {Votruba}, V. and {Eyer}, L.},
        title = "{Gaia Data Release 2: Summary of the variability processing \&amp;
        analysis results}",
      journal = {ArXiv e-prints},
     keywords = {Astrophysics - Solar and Stellar Astrophysics, Astrophysics -
        Instrumentation and Methods for Astrophysics},
         year = 2018,
        month = Apr,
          eid = {arXiv:1804.09373},
        pages = {arXiv:1804.09373},
archivePrefix = {arXiv},
       eprint = {1804.09373},
 primaryClass = {Astrophysics - Solar and Stellar Astrophysics},
       adsurl = {https://ui.adsabs.harvard.edu/#abs/2018arXiv180409373H},
      adsnote = {Provided by the SAO/NASA Astrophysics Data System}
}

@ARTICLE{Muraveva2018,
       author = {{Muraveva}, Tatiana and {Delgado}, Hector E. and {Clementini}, Gisella
        and {Sarro}, Luis M. and {Garofalo}, Alessia},
        title = "{RR Lyrae stars as standard candles in the Gaia Data Release 2 Era}",
      journal = {ArXiv e-prints},
     keywords = {Astrophysics - Solar and Stellar Astrophysics, Astrophysics -
        Astrophysics of Galaxies},
         year = 2018,
        month = May,
          eid = {arXiv:1805.08742},
        pages = {arXiv:1805.08742},
archivePrefix = {arXiv},
       eprint = {1805.08742},
 primaryClass = {astro-ph.SR},
       adsurl = {https://ui.adsabs.harvard.edu/#abs/2018arXiv180508742M},
      adsnote = {Provided by the SAO/NASA Astrophysics Data System}
}


@article{Miceli2008,
author = {Antonino Miceli and Armin Rest and Christopher W Stubbs and Suzanne L Hawley and Kem H Cook and Eugene A Magnier and Kevin Krisciunas and Edward Bowell and Bruce Koehn}, 
journal = {\apj},
title = {Evidence for Distinct Components of the Galactic Stellar Halo from 838 RR Lyrae Stars Discovered in the LONEOS-I Survey},
abstract = {We present 838 ab-type RR Lyrae stars from the Lowell Observatory Near Earth Objects Survey Phase I (LONEOS-I). These objects cover 1430 deg2 and span distances ranging from 3 to 30 kpc from the Galactic center. Object selection is based on phased, photometric data with 28-50 epochs. We use this large sample to explore the bulk properties of the stellar halo, including the spatial distribution. The period-amplitude distribution of this sample shows that the majority of these RR Lyrae stars resemble Oosterhoff type I, but there is a significant fraction (26%) which have longer periods and appear to be Oosterhoff type II. We find that the radial distributions of these two populations have significantly different profiles (ρOoI~R-2.26+/-0.07 and ρOoII~R-2.88+/-0.11). This suggests that the stellar halo was formed by at least two distinct accretion processes and supports dual-halo models.},
affiliation = {AA(Astronomy and Physics Departments, University of Washington, Box 351580, Seattle, WA 98195-1580 amiceli@astro.washington.edu), AB(Cerro Tololo Inter-American Observatory, National Optical Astronomy Observatory, Casilla 603, La Serena, Chile; arest@ctio.noao.edu), AC(Department of Physics and Harvard-Smithsonian Center for Astrophysics, Harvard University, 17 Oxford Street, Cambridge, MA 02138), AD(Astronomy Department, University of Washington, Box 351580, Seattle, WA 98195-1580), AE(Lawrence Livermore N...},
pages = {865},
volume = {678},
year = {2008},
month = {May},
keywords = {Galaxies: Structure, Galaxies: Halos, galaxies: individual (Milky Way)}, 
date-added = {2009-12-04 13:01:31 -0430},
date-modified = {2010-06-03 20:24:29 -0430},
doi = {10.1086/533484},
pmid = {2008ApJ...678..865M},
URL = {http://adsabs.harvard.edu/cgi-bin/nph-data_query?bibcode=2008ApJ...678..865M&link_type=ABSTRACT},
local-url = {file://localhost/Users/cmateu/trabajo/articulos/Papers/Miceli_2008.pdf},
uri = {papers://3CF19FFD-9F37-4577-AFDC-1D7F0F338DCB/Paper/p1958},
read = {Yes},
rating = {0}
}

@article{Cacciari2005,
author = {C Cacciari and T. M Corwin and B. W Carney}, 
journal = {\aj},
title = {A Multicolor and Fourier Study of RR Lyrae Variables in the Globular Cluster NGC 5272 (M3)},
abstract = {We have performed a detailed study of the pulsational and evolutionary characteristics of 133 RR Lyrae stars in the globular cluster NGC 5272 (M3) using highly accurate BVI data taken on five separate epochs. M3 seems to contain no less than ~32% of Blazhko stars, and the occurrence and characteristics of the Blazhko effect have been analyzed in detail. We have identified a good number (~14%) of overluminous RR Lyrae stars that are likely in a more advanced evolutionary stage off the zero-age horizontal branch (ZAHB). Physical parameters (i.e., temperature, luminosity, and mass) have been derived from B-V colors and accurate color-temperature calibration, and compared with horizontal-branch evolutionary models and with the requirements of stellar pulsation theory. Additional analysis by means of Fourier decomposition of the V light curves confirms, as expected, that no metallicity spread is present in M3. Evolution off the ZAHB does not affect [Fe/H] determinations, whereas Blazhko stars at low amplitude phase do affect [Fe/H] distributions, as they appear more metal-rich. Absolute magnitudes derived from Fourier coefficients might provide useful average estimates for groups of stars, if applicable, but do not give reliable individual values. Intrinsic colors derived from Fourier coefficients show significant discrepancies with the observed ones, and hence the resulting temperatures and temperature-related parameters are unreliable.},
affiliation = {AA(Osservatorio Astronomico di Bologna, via Ranzani 1, I-40127 Bologna, Italy; cacciari@bo.astro.it), AB(Department of Physics, University of North Carolina, Charlotte, NC 28223; mcorwin@uncc.edu), AC(Department of Physics and Astronomy, University of North Carolina, Chapel Hill, NC 27599; bruce@astro.unc.edu)},
pages = {267},
volume = {129},
year = {2005},
month = {Jan},
keywords = {STARS: VARIABLES: OTHER, Galaxy: Globular Clusters: Individual: Messier Number: M3, Stars: Fundamental Parameters}, 
date-added = {2010-04-30 09:38:59 -0430},
date-modified = {2010-04-30 09:40:04 -0430},
doi = {10.1086/426325},
pmid = {2005AJ....129..267C},
URL = {http://adsabs.harvard.edu/cgi-bin/nph-data_query?bibcode=2005AJ....129..267C&link_type=ABSTRACT},
local-url = {file://localhost/Users/cmateu/trabajo/articulos/Papers/Cacciari_2005.pdf},
uri = {papers://3CF19FFD-9F37-4577-AFDC-1D7F0F338DCB/Paper/p2207},
read = {Yes},
rating = {0}
}

@article{Drake2013a,
author = {Drake, A J and Catelan, M and Djorgovski, S G and Torrealba, G and Graham, M J and Belokurov, V and Koposov, S E and Mahabal, A and Prieto, J L and Donalek, C and Williams, R and Larson, S and Christensen, E and Beshore, E},
title = {{PROBING THE OUTER GALACTIC HALO WITH RR LYRAE FROM THE CATALINA SURVEYS}},
journal = {\apj},
year = {2013},
volume = {763},
number = {1},
pages = {32},
month = jan
}

@article{Kunder2010,
author = {Andrea Kunder and Brian Chaboyer and Andrew Layden}, 
journal = {\aj},
title = {The Determination of Reddening from Intrinsic VR Colors of RR Lyrae Stars},
abstract = {New R-band observations of 21 local field RR Lyrae variable stars are used to explore the reliability of minimum light (V - R) colors as a tool for measuring interstellar reddening. For each star, R-band intensity mean magnitudes and light amplitudes are presented. Corresponding V-band light curves from the literature are supplemented with the new photometry, and (V - R) colors at minimum light are determined for a subset of these stars as well as for other stars in the literature. Two different definitions of minimum light color are examined, one which uses a Fourier decomposition to the V and R light curves to find (V - R) at minimum V-band light, (V - R) F min, and the other which uses the average color between the phase interval 0.5-0.8, (V - R)phi(0.5-0.8) min. From 31 stars with a wide range of metallicities and pulsation periods, the mean dereddened RR Lyrae color at minimum light is (V - R) F min,0 = 0.28 $\pm$ 0.02 mag and (V - R)phi(0.5-0.8) min,0 = 0.27 $\pm$ 0.02 mag. As was found by Guldenschuh et al. using (V - I) colors, any dependence of the star's minimum light color on metallicity or pulsation amplitude is too weak to be formally detected. We find that the intrinsic (V - R) of Galactic bulge RR Lyrae stars are similar to those found by their local counterparts and hence that bulge RR0 Lyrae stars do not have anomalous colors as compared to the local RR Lyrae stars.},
affiliation = {AA(Dartmouth College, 6127 Wilder Lab, Hanover, NH 03755, USA Andrea.M.Kunder@dartmouth.edu), AB(Dartmouth College, 6127 Wilder Lab, Hanover, NH 03755, USA Brian.Chaboyer@dartmouth.edu), AC(Bowling Green State University, Bowling Green, OH 43403, USA layden@baade.bgsu.edu)},
pages = {415},
volume = {139},
year = {2010},
month = {Feb},
keywords = {STARS: ABUNDANCES, dust, extinction, stars: distances, , stars: Population II, Galaxy: center, Stars: Horizontal-Branch}, 
date-added = {2010-04-14 14:10:02 -0430},
date-modified = {2010-04-14 14:11:15 -0430},
doi = {10.1088/0004-6256/139/2/415},
pmid = {2010AJ....139..415K},
URL = {http://adsabs.harvard.edu/cgi-bin/nph-data_query?bibcode=2010AJ....139..415K&link_type=ABSTRACT},
local-url = {file://localhost/Users/cmateu/trabajo/articulos/Papers/Kunder_2010.pdf},
uri = {papers://3CF19FFD-9F37-4577-AFDC-1D7F0F338DCB/Paper/p2193},
read = {Yes},
rating = {0}
}



@ARTICLE{Zinn2014,
   author = {{Zinn}, R. and {Horowitz}, B. and {Vivas}, A.~K. and {Baltay}, C. and 
	{Ellman}, N. and {Hadjiyska}, E. and {Rabinowitz}, D. and {Miller}, L.
	},
    title = "{La Silla QUEST RR Lyrae Star Survey: Region I}",
  journal = {\apj},
archivePrefix = "arXiv",
   eprint = {1312.1602},
 keywords = {galaxies: individual: Sextans, Galaxy: halo, stars: variables: RR Lyrae, surveys},
     year = 2014,
    month = jan,
   volume = 781,
      eid = {22},
    pages = {22},
      doi = {10.1088/0004-637X/781/1/22},
   adsurl = {http://adsabs.harvard.edu/abs/2014ApJ...781...22Z},
  adsnote = {Provided by the SAO/NASA Astrophysics Data System}
}

@ARTICLE{Harris2010,
   author = {{Harris}, W.~E.},
    title = "{A New Catalog of Globular Clusters in the Milky Way}",
  journal = {ArXiv e-prints},
archivePrefix = "arXiv",
   eprint = {1012.3224},
 primaryClass = "astro-ph.GA",
 keywords = {Astrophysics - Galaxy Astrophysics},
     year = 2010,
    month = dec,
   adsurl = {http://adsabs.harvard.edu/abs/2010arXiv1012.3224H},
  adsnote = {Provided by the SAO/NASA Astrophysics Data System}
}

@ARTICLE{Harris1996,
   author = {{Harris}, W.~E.},
    title = "{A Catalog of Parameters for Globular Clusters in the Milky Way}",
  journal = {\aj},
 keywords = {GLOBULAR CLUSTERS: GENERAL, CATALOGS},
     year = 1996,
    month = oct,
   volume = 112,
    pages = {1487},
      doi = {10.1086/118116},
   adsurl = {http://adsabs.harvard.edu/abs/1996AJ....112.1487H},
  adsnote = {Provided by the SAO/NASA Astrophysics Data System}
}
@ARTICLE{Belokurov2018,
   author = {{Belokurov}, V. and {Deason}, A.~J. and {Koposov}, S.~E. and 
	{Catelan}, M. and {Erkal}, D. and {Drake}, A.~J. and {Evans}, N.~W.
	},
    title = "{Unmixing the Galactic halo with RR Lyrae tagging}",
  journal = {\mnras},
archivePrefix = "arXiv",
   eprint = {1711.07485},
 keywords = {stars: variables: RR Lyrae, galaxies: dwarf, Local Group, galaxies: structure},
     year = 2018,
    month = jun,
   volume = 477,
    pages = {1472-1483},
      doi = {10.1093/mnras/sty615},
   adsurl = {http://adsabs.harvard.edu/abs/2018MNRAS.477.1472B},
  adsnote = {Provided by the SAO/NASA Astrophysics Data System}
}

@ARTICLE{Drake2014,
   author = {{Drake}, A.~J. and {Graham}, M.~J. and {Djorgovski}, S.~G. and 
	{Catelan}, M. and {Mahabal}, A.~A. and {Torrealba}, G. and {Garc{\'{\i}}a-{\'A}lvarez}, D. and 
	{Donalek}, C. and {Prieto}, J.~L. and {Williams}, R. and {Larson}, S. and 
	{Christen sen}, E. and {Belokurov}, V. and {Koposov}, S.~E. and 
	{Beshore}, E. and {Boattini}, A. and {Gibbs}, A. and {Hill}, R. and 
	{Kowalski}, R. and {Johnson}, J. and {Shelly}, F.},
    title = "{The Catalina Surveys Periodic Variable Star Catalog}",
  journal = {\apjs},
archivePrefix = "arXiv",
   eprint = {1405.4290},
 primaryClass = "astro-ph.SR",
 keywords = {catalogs, Galaxy: halo, Galaxy: stellar content, Galaxy: structure, techniques: photometric, stars: variables: general },
     year = 2014,
    month = jul,
   volume = 213,
      eid = {9},
    pages = {9},
      doi = {10.1088/0067-0049/213/1/9},
   adsurl = {http://adsabs.harvard.edu/abs/2014ApJS..213....9D},
  adsnote = {Provided by the SAO/NASA Astrophysics Data System}
}

@ARTICLE{Clement2001,
   author = {{Clement}, C.~M. and {Muzzin}, A. and {Dufton}, Q. and {Ponnampalam}, T. and 
	{Wang}, J. and {Burford}, J. and {Richardson}, A. and {Rosebery}, T. and 
	{Rowe}, J. and {Hogg}, H.~S.},
    title = "{Variable Stars in Galactic Globular Clusters}",
  journal = {\aj},
   eprint = {astro-ph/0108024},
 keywords = {Stars: Binaries: Eclipsing, Stars: Variables: Cepheids, Galaxy: Globular Clusters: General, Stars: Variables: RR Lyrae Variable, Stars: Horizontal-Branch, Stars: Oscillations},
     year = 2001,
    month = nov,
   volume = 122,
    pages = {2587-2599},
      doi = {10.1086/323719},
   adsurl = {http://adsabs.harvard.edu/abs/2001AJ....122.2587C},
  adsnote = {Provided by the SAO/NASA Astrophysics Data System}
}

@ARTICLE{LDZ1990,
   author = {{Lee}, Y.-W. and {Demarque}, P. and {Zinn}, R.},
    title = "{The horizontal-branch stars in globular clusters. I - The period-shift effect, the luminosity of the horizontal branch, and the age-metallicity relation}",
  journal = {\apj},
 keywords = {Globular Clusters, Horizontal Branch Stars, Metallicity, Stellar Evolution, Stellar Luminosity, Stellar Oscillations, Variable Stars},
     year = 1990,
    month = feb,
   volume = 350,
    pages = {155-172},
      doi = {10.1086/168370},
   adsurl = {http://adsabs.harvard.edu/abs/1990ApJ...350..155L},
  adsnote = {Provided by the SAO/NASA Astrophysics Data System}
}
@ARTICLE{Lee1990,
   author = {{Lee}, Y.-W.},
    title = "{On the Sandage period shift effect among field RR Lyrae stars}",
  journal = {\apj},
 keywords = {Blue Stars, Giant Stars, Globular Clusters, Horizontal Branch Stars, Stellar Oscillations, Metallicity, Stellar Evolution, Stellar Luminosity, Stellar Models},
     year = 1990,
    month = nov,
   volume = 363,
    pages = {159-167},
      doi = {10.1086/169326},
   adsurl = {http://adsabs.harvard.edu/abs/1990ApJ...363..159L},
  adsnote = {Provided by the SAO/NASA Astrophysics Data System}
}
@ARTICLE{Kunder2009,
   author = {{Kunder}, A. and {Chaboyer}, B.},
    title = "{An Oosterhoff Analysis of the Galactic Bulge Field RR Lyrae Stars: Implications on Their Absolute Magnitudes}",
  journal = {\aj},
archivePrefix = "arXiv",
   eprint = {0908.2628},
 primaryClass = "astro-ph.SR",
 keywords = {Galaxy: center, stars: abundances, stars: distances, stars: Population II, surveys},
     year = 2009,
    month = nov,
   volume = 138,
    pages = {1284-1291},
      doi = {10.1088/0004-6256/138/5/1284},
   adsurl = {http://adsabs.harvard.edu/abs/2009AJ....138.1284K},
  adsnote = {Provided by the SAO/NASA Astrophysics Data System}
}

@ARTICLE{Jurcsik2017,
   author = {{Jurcsik}, J. and {Smitola}, P. and {Hajdu}, G. and {S{\'o}dor}, {\'A}. and 
	{Nuspl}, J. and {Kolenberg}, K. and {F{\H u}r{\'e}sz}, G. and 
	{Bal{\'a}zs}, L.~G. and {Pilachowski}, C. and {Saha}, A. and 
	{Mo{\'o}r}, A. and {Kun}, E. and {P{\'a}l}, A. and {Bakos}, J. and 
	{Kelemen}, J. and {Kov{\'a}cs}, T. and {Kriskovics}, L. and 
	{S{\'a}rneczky}, K. and {Szalai}, T. and {Szing}, A. and {Vida}, K.
	},
    title = "{Photometric and radial-velocity time series of RR Lyrae stars in M3: analysis of single-mode variables}",
  journal = {\mnras},
archivePrefix = "arXiv",
   eprint = {1702.03264},
 primaryClass = "astro-ph.SR",
 keywords = {techniques: photometric, techniques: radial velocities, stars: horizontal branch, stars: oscillations (including pulsations), stars: variables: RR Lyrae, globular clusters: individual: M3},
     year = 2017,
    month = jun,
   volume = 468,
    pages = {1317-1337},
      doi = {10.1093/mnras/stx382},
   adsurl = {http://adsabs.harvard.edu/abs/2017MNRAS.468.1317J},
  adsnote = {Provided by the SAO/NASA Astrophysics Data System}
}

@ARTICLE{Jurcsik2014,
   author = {{Jurcsik}, J. and {Smitola}, P. and {Hajdu}, G. and {Nuspl}, J.
	},
    title = "{On the Modulation of RR Lyrae Stars in the Globular Cluster M3}",
  journal = {\apjl},
archivePrefix = "arXiv",
   eprint = {1411.1987},
 primaryClass = "astro-ph.SR",
 keywords = {globular clusters: individual: Messier 3, stars: horizontal-branch, stars: oscillations, stars: variables: RR Lyrae },
     year = 2014,
    month = dec,
   volume = 797,
      eid = {L3},
    pages = {L3},
      doi = {10.1088/2041-8205/797/1/L3},
   adsurl = {http://adsabs.harvard.edu/abs/2014ApJ...797L...3J},
  adsnote = {Provided by the SAO/NASA Astrophysics Data System}
}

@ARTICLE{Jurcsik2012,
   author = {{Jurcsik}, J. and {Hajdu}, G. and {Szeidl}, B. and {Ol{\'a}h}, K. and 
	{Kelemen}, J. and {S{\'o}dor}, {\'A}. and {Saha}, A. and {Mallick}, P. and 
	{Claver}, J.},
    title = "{Long-term photometric monitoring of RR Lyrae stars in Messier 3}",
  journal = {\mnras},
archivePrefix = "arXiv",
   eprint = {1109.4525},
 primaryClass = "astro-ph.SR",
 keywords = {stars: evolution, stars: horizontal branch, stars: oscillations, stars: variables: RR Lyrae, globular clusters: individual: M3},
     year = 2012,
    month = jan,
   volume = 419,
    pages = {2173-2194},
      doi = {10.1111/j.1365-2966.2011.19868.x},
   adsurl = {http://adsabs.harvard.edu/abs/2012MNRAS.419.2173J},
  adsnote = {Provided by the SAO/NASA Astrophysics Data System}
}
@ARTICLE{LeeCarney1999,
   author = {{Lee}, J.-W. and {Carney}, B.~W.},
    title = "{RR Lyrae Luminosity Differences between Oosterhoff Group I and II Cluster Systems and the Origin of the Oosterhoff Dichotomy}",
  journal = {\aj},
 keywords = {GALAXY: FORMATION-GLOBULAR CLUSTERS: INDIVIDUAL (NGC 5272, NGC 7089), STARS: VARIABLES: RR LYRAE VARIABLE, STARS: HORIZONTAL-BRANCH, STARS: LUMINOSITY FUNCTION, MASS FUNCTION},
     year = 1999,
    month = sep,
   volume = 118,
    pages = {1373-1389},
      doi = {10.1086/301008},
   adsurl = {http://adsabs.harvard.edu/abs/1999AJ....118.1373L},
  adsnote = {Provided by the SAO/NASA Astrophysics Data System}
}
@ARTICLE{Groenewegen2017,
   author = {{Groenewegen}, M.~A.~T.},
    title = "{Variable stars in the Gaia era: Mira, RR Lyrae, delta and Type-II Cepheids}",
  journal = {ArXiv e-prints},
archivePrefix = "arXiv",
   eprint = {1706.02911},
 primaryClass = "astro-ph.SR",
 keywords = {Astrophysics - Solar and Stellar Astrophysics},
     year = 2017,
    month = jun,
   adsurl = {http://adsabs.harvard.edu/abs/2017arXiv170602911G},
  adsnote = {Provided by the SAO/NASA Astrophysics Data System}
}

@ARTICLE{Clement1999,
   author = {{Clement}, C.~M. and {Shelton}, I.},
    title = "{The RR Lyrae Period-Amplitude Relation as a Clueto the Origin of the Oosterhoff Dichotomy}",
  journal = {\apjl},
   eprint = {astro-ph/9902289},
 keywords = {GALAXY: GLOBULAR CLUSTERS: INDIVIDUAL: MESSIER NUMBER: M3, GALAXY: GLOBULAR CLUSTERS: INDIVIDUAL: MESSIER NUMBER: M4, GALAXY: GLOBULAR CLUSTERS: INDIVIDUAL: MESSIER NUMBER: M5, GALAXY: GLOBULAR CLUSTERS: INDIVIDUAL: MESSIER NUMBER: M9, GALAXY: GLOBULAR CLUSTERS: INDIVIDUAL: MESSIER NUMBER: M68, GLOBULAR CLUSTERS: INDIVIDUAL (M92, M107), STARS: FUNDAMENTAL PARAMETERS, STARS: HORIZONTAL-BRANCH, STARS: VARIABLES: OTHER: (RR LYRAE), Galaxy: Globular Clusters: Individual: Messier Number: M3, Galaxy: Globular Clusters: Individual: Messier Number: M4, Galaxy: Globular Clusters: Individual: Messier Number: M5, Galaxy: Globular Clusters: Individual: Messier Number: M9, Galaxy: Globular Clusters: Individual: Messier Number: M68, globular clusters: individual (M92, Stars: Fundamental Parameters, Stars: Horizontal-Branch, Stars: Variables: Other: (RR Lyrae)},
     year = 1999,
    month = apr,
   volume = 515,
    pages = {L85-L88},
      doi = {10.1086/311981},
   adsurl = {http://adsabs.harvard.edu/abs/1999ApJ...515L..85C},
  adsnote = {Provided by the SAO/NASA Astrophysics Data System}
}

@ARTICLE{Zorotovic2010,
   author = {{Zorotovic}, M. and {Catelan}, M. and {Smith}, H.~A. and {Pritzl}, B.~J. and 
	{Aguirre}, P. and {Angulo}, R.~E. and {Aravena}, M. and {Assef}, R.~J. and 
	{Contreras}, C. and {Cort{\'e}s}, C. and {De Martini}, G. and 
	{Escobar}, M.~E. and {Gonz{\'a}lez}, D. and {Jofr{\'e}}, P. and 
	{Lacerna}, I. and {Navarro}, C. and {Palma}, O. and {Prieto}, G.~E. and 
	{Recabarren}, E. and {Trivi{\~n}o}, J. and {Vidal}, E.},
    title = "{The Globular Cluster NGC 5286. II. Variable Stars}",
  journal = {\aj},
archivePrefix = "arXiv",
   eprint = {0911.1686},
 primaryClass = "astro-ph.SR",
 keywords = {galaxies: dwarf, galaxies: star clusters, globular clusters: individual: NGC 5286, Hertzsprung-Russell diagram, stars: variables: other},
     year = 2010,
    month = feb,
   volume = 139,
    pages = {357-371},
      doi = {10.1088/0004-6256/139/2/357},
   adsurl = {http://adsabs.harvard.edu/abs/2010AJ....139..357Z},
  adsnote = {Provided by the SAO/NASA Astrophysics Data System}
}

@ARTICLE{GaiaEyer2018,
   author = {{Gaia Collaboration} and {Eyer}, L. and {Rimoldini}, L. and 
	{Audard}, M. and {Anderson}, R.~I. and {Nienartowicz}, K. and 
	{Glass}, F. and {Marchal}, O. and {Grenon}, M. and {Mowlavi}, N. and 
	{Holl}, B. and {Clementini}, G. and {Aerts}, C. and {Mazeh}, T. and 
	{Evans}, D.~W. and {Szabados}, L. and {co-authors}, 4.},
    title = "{Gaia Data Release 2: Variable stars in the colour-absolute magnitude diagram}",
  journal = {ArXiv e-prints},
archivePrefix = "arXiv",
   eprint = {1804.09382},
 primaryClass = "astro-ph.SR",
 keywords = {Astrophysics - Solar and Stellar Astrophysics},
     year = 2018,
    month = apr,
   adsurl = {http://adsabs.harvard.edu/abs/2018arXiv180409382G},
  adsnote = {Provided by the SAO/NASA Astrophysics Data System}
}

@ARTICLE{Rimoldini2018,
   author = {{Rimoldini}, L. and {Eyer}, L. and {Mowlavi}, N. and {Evans}, D.~W. and 
	{Nienartowicz}, K. and {Holl}, B. and {Audard}, M. and {Guy}, L.~P. and 
	{Jevardat de Fombelle}, G. and {Lecoeur-Ta{\"i}bi}, I. and {Marchal}, O. and 
	{Clementini}, G. and {Ripepi}, V. and {Garofalo}, A. and {Molinaro}, R. and 
	{Muraveva}, T. and {Poretti}, E. and {Moln{\'a}r}, L. and {Plachy}, E. and 
	{Juh{\'a}sz}, {\'A}.~L. and {Szabados}, L. and {De Ridder}, J. and 
	{Regibo}, S. and {Sarro Baro}, L.~M. and {L{\'o}pez del Fresno}, M.
	},
    title = "{All-sky RR Lyrae Stars in the Gaia Data}",
  journal = {ArXiv e-prints},
archivePrefix = "arXiv",
   eprint = {1804.04079},
 primaryClass = "astro-ph.SR",
 keywords = {Astrophysics - Solar and Stellar Astrophysics, Astrophysics - Instrumentation and Methods for Astrophysics},
     year = 2018,
    month = apr,
   adsurl = {http://adsabs.harvard.edu/abs/2018arXiv180404079R},
  adsnote = {Provided by the SAO/NASA Astrophysics Data System}
}

@ARTICLE{Clementini2018,
   author = {{Clementini}, G. and {Ripepi}, V. and {Molinaro}, R. and {Garofalo}, A. and 
	{Muraveva}, T. and {Rimoldini}, L. and {Guy}, L.~P. and {Jevardat de Fombelle}, G. and 
	{Nienartowicz}, K. and {Audard}, M. and {Holl}, B. and {Leccia}, S. and 
	{Marconi}, M. and {Musella}, I. and {Mowlavi}, N. and {Lecoeur-Taibi}, I. and 
	{Eyer}, L. and {De Ridder}, J. and {Regibo}, S. and {Sarro}, L.~M. and 
	{Szabados}, L. and {Evans}, D.~W. and {Riello}, M.},
    title = "{Gaia Data Release 2: Specific characterisation and validation of all-sky Cepheids and RR Lyrae stars}",
  journal = {ArXiv e-prints},
archivePrefix = "arXiv",
   eprint = {1805.02079},
 primaryClass = "astro-ph.SR",
 keywords = {Astrophysics - Solar and Stellar Astrophysics},
     year = 2018,
    month = may,
   adsurl = {http://adsabs.harvard.edu/abs/2018arXiv180502079C},
  adsnote = {Provided by the SAO/NASA Astrophysics Data System}
}

@ARTICLE{Catelan2004a,
   author = {{Catelan}, M. and {Pritzl}, B.~J. and {Smith}, H.~A.},
    title = "{The RR Lyrae Period-Luminosity Relation. I. Theoretical Calibration}",
  journal = {\apjs},
   eprint = {astro-ph/0406067},
 keywords = {Cosmology: Distance Scale, Stars: Horizontal-Branch, Stars: Variables: Other},
     year = 2004,
    month = oct,
   volume = 154,
    pages = {633-649},
      doi = {10.1086/422916},
   adsurl = {http://adsabs.harvard.edu/abs/2004ApJS..154..633C},
  adsnote = {Provided by the SAO/NASA Astrophysics Data System}
}

@ARTICLE{Catelan2004b,
   author = {{Catelan}, M.},
    title = "{The Evolutionary Status of M3 RR Lyrae Variable Stars: Breakdown of the Canonical Framework?}",
  journal = {\apj},
   eprint = {astro-ph/0309188},
 keywords = {Galaxy: Globular Clusters: Individual: Messier Number: M3, Galaxy: Globular Clusters: Individual: Messier Number: M5, Stars: Evolution, Stars: Horizontal-Branch, Stars: Population II, Stars: Variables: Other},
     year = 2004,
    month = jan,
   volume = 600,
    pages = {409-418},
      doi = {10.1086/379657},
   adsurl = {http://adsabs.harvard.edu/abs/2004ApJ...600..409C},
  adsnote = {Provided by the SAO/NASA Astrophysics Data System}
}
@article{Kinemuchi2006,
author = {K Kinemuchi and H. A Smith and P. R Wo{\'z}niak and T. A McKay}, 
journal = {\aj},
title = {Analysis of RR Lyrae Stars in the Northern Sky Variability Survey},
abstract = {We use data from the Northern Sky Variability Survey (NSVS), obtained from the first-generation Robotic Optical Transient Search Experiment (ROTSE-I), to identify and study RR Lyrae variable stars in the solar neighborhood. We initially identified 1197 RRab (RR0) candidate stars brighter than the ROTSE median magnitude V=14. Periods, amplitudes, and mean V magnitudes are determined for a subset of 1188 RRab stars with well-defined light curves. Metallicities are determined for 589 stars by the Fourier parameter method and by the relationship between period, amplitude, and [Fe/H]. We comment on the difficulties of clearly classifying RRc (RR1) variables in the NSVS data set. Distances to the RRab stars are calculated using an adopted luminosity-metallicity relation with corrections for interstellar extinction. The 589 RRab stars in our final sample are used to study the properties of the RRab population within 5 kpc of the Sun. The Bailey diagram of period versus amplitude shows that the largest component of this sample belongs to Oosterhoff type I. Metal-rich ([Fe/H]>-1) RRab stars appear to be associated with the Galactic disk. Our metal-rich RRab sample may include a thin-disk, as well as a thick-disk population, although the uncertainties are too large to establish this. There is some evidence among the metal-rich RRab stars for a decline in scale height with increasing [Fe/H], as was found by Layden. The distribution of RRab stars with -1<[Fe/H]<-1.25 indicates that within this metallicity range the RRab stars are a mixture of stars belonging to halo and disk populations.},
affiliation = {AA(Department of Physics and Astronomy, Michigan State University, East Lansing, MI 48824; Current address: Department of Physics and Astronomy, University of Wyoming, Department 3905, Laramie, WY 82071.), AB(Department of Physics and Astronomy, Michigan State University, East Lansing, MI 48824), AC(Los Alamos National Laboratory, Los Alamos, NM 87545), AD(Department of Physics, University of Michigan, 2477 Randall Laboratory, Ann Arbor, MI 48109)},
note = {(c) 2006: The American Astronomical Society},
pages = {1202},
volume = {132},
year = {2006},
month = {Sep},
keywords = {Stars: Variables: Other, Galaxy: Disk}, 
date-added = {2009-04-13 13:34:29 -0430},
date-modified = {2010-04-17 10:17:57 -0430},
doi = {10.1086/506198},
pmid = {2006AJ....132.1202K},
URL = {http://adsabs.harvard.edu/cgi-bin/nph-data_query?bibcode=2006AJ....132.1202K&link_type=ABSTRACT},
local-url = {file://localhost/Users/cmateu/trabajo/articulos/Papers/Kinemuchi_2006.pdf},
uri = {papers://3CF19FFD-9F37-4577-AFDC-1D7F0F338DCB/Paper/p1792},
read = {Yes},
rating = {0}
}

@ARTICLE{Vivas2004,
   author = {{Vivas}, A.~K. and {Zinn}, R. and {Abad}, C. and {Andrews}, P. and 
	{Bailyn}, C. and {Baltay}, C. and {Bongiovanni}, A. and {Brice{\~n}o}, C. and 
	{Bruzual}, G. and {Coppi}, P. and {Della Prugna}, F. and {Ellman}, N. and 
	{Ferr{\'{\i}}n}, I. and {Gebhard}, M. and {Girard}, T. and {Hernandez}, J. and 
	{Herrera}, D. and {Honeycutt}, R. and {Magris}, G. and {Mufson}, S. and 
	{Musser}, J. and {Naranjo}, O. and {Rabinowitz}, D. and {Rengstorf}, A. and 
	{Rosenzweig}, P. and {S{\'a}nchez}, G. and {S{\'a}nchez}, G. and 
	{Schaefer}, B. and {Schenner}, H. and {Snyder}, J.~A. and {Sofia}, S. and 
	{Stock}, J. and {van Altena}, W. and {Vicente}, B. and {Vieira}, K.
	},
    title = "{The QUEST RR Lyrae Survey. I. The First Catalog}",
  journal = {\aj},
 keywords = {Galaxy: Halo, Stars: Variables: Other, Surveys},
     year = 2004,
    month = feb,
   volume = 127,
    pages = {1158-1175},
      doi = {10.1086/380929},
   adsurl = {http://adsabs.harvard.edu/abs/2004AJ....127.1158V},
  adsnote = {Provided by the SAO/NASA Astrophysics Data System}
}

@ARTICLE{Sesar2017c,
   author = {{Sesar}, B. and {Hernitschek}, N. and {Mitrovi{\'c}}, S. and 
	{Ivezi{\'c}}, {\v Z}. and {Rix}, H.-W. and {Cohen}, J.~G. and 
	{Bernard}, E.~J. and {Grebel}, E.~K. and {Martin}, N.~F. and 
	{Schlafly}, E.~F. and {Burgett}, W.~S. and {Draper}, P.~W. and 
	{Flewelling}, H. and {Kaiser}, N. and {Kudritzki}, R.~P. and 
	{Magnier}, E.~A. and {Metcalfe}, N. and {Tonry}, J.~L. and {Waters}, C.
	},
    title = "{Machine-learned Identification of RR Lyrae Stars from Sparse, Multi-band Data: The PS1 Sample}",
  journal = {\aj},
archivePrefix = "arXiv",
   eprint = {1611.08596},
 keywords = {catalogs, Galaxy: halo, methods: data analysis, methods: statistical, stars: variables: RR Lyrae, surveys},
     year = 2017,
    month = may,
   volume = 153,
      eid = {204},
    pages = {204},
      doi = {10.3847/1538-3881/aa661b},
   adsurl = {http://adsabs.harvard.edu/abs/2017AJ....153..204S},
  adsnote = {Provided by the SAO/NASA Astrophysics Data System}
}
@ARTICLE{Clementini2016b,
   author = {{Clementini}, G. and {Ripepi}, V. and {Leccia}, S. and {Mowlavi}, N. and 
	{Lecoeur-Taibi}, I. and {Marconi}, M. and {Szabados}, L. and 
	{Eyer}, L. and {Guy}, L.~P. and {Rimoldini}, L. and {Jevardat de Fombelle}, G. and 
	{Holl}, B. and {Busso}, G. and {Charnas}, J. and {Cuypers}, J. and 
	{De Angeli}, F. and {De Ridder}, J. and {Debosscher}, J. and 
	{Evans}, D.~W. and {Klagyivik}, P. and {Musella}, I. and {Nienartowicz}, K. and 
	{Ord{\'o}{\~n}ez}, D. and {Regibo}, S. and {Riello}, M. and 
	{Sarro}, L.~M. and {S{\"u}veges}, M.},
    title = "{Gaia Data Release 1. The Cepheid and RR Lyrae star pipeline and its application to the south ecliptic pole region}",
  journal = {\aap},
archivePrefix = "arXiv",
   eprint = {1609.04269},
 primaryClass = "astro-ph.SR",
 keywords = {stars: general, stars: oscillations, stars: variables: Cepheids, stars: variables: RR Lyrae, methods: data analysis, Magellanic Clouds},
     year = 2016,
    month = nov,
   volume = 595,
      eid = {A133},
    pages = {A133},
      doi = {10.1051/0004-6361/201629583},
   adsurl = {http://adsabs.harvard.edu/abs/2016A%26A...595A.133C},
  adsnote = {Provided by the SAO/NASA Astrophysics Data System}
}

@ARTICLE{Muraveva2015,
   author = {{Muraveva}, T. and {Palmer}, M. and {Clementini}, G. and {Luri}, X. and 
	{Cioni}, M.-R.~L. and {Moretti}, M.~I. and {Marconi}, M. and 
	{Ripepi}, V. and {Rubele}, S.},
    title = "{New Near-infrared Period-Luminosity-Metallicity Relations for RR Lyrae Stars and the Outlook for Gaia}",
  journal = {\apj},
archivePrefix = "arXiv",
   eprint = {1505.06001},
 primaryClass = "astro-ph.SR",
 keywords = {astrometry, distance scale, Magellanic Clouds, methods: data analysis, stars: statistics, stars: variables: RR Lyrae},
     year = 2015,
    month = jul,
   volume = 807,
      eid = {127},
    pages = {127},
      doi = {10.1088/0004-637X/807/2/127},
   adsurl = {http://adsabs.harvard.edu/abs/2015ApJ...807..127M},
  adsnote = {Provided by the SAO/NASA Astrophysics Data System}
}

@ARTICLE{GaiaClementini2017,
   author = {{Gaia Collaboration} and {Clementini}, G. and {Eyer}, L. and 
	{Ripepi}, V. and {Marconi}, M. and {Muraveva}, T. and {Garofalo}, A. and 
	{Sarro}, L.~M. and {Palmer}, M. and {Luri}, X. and et al.},
    title = "{Gaia Data Release 1. Testing parallaxes with local Cepheids and RR Lyrae stars}",
  journal = {\aap},
archivePrefix = "arXiv",
   eprint = {1705.00688},
 primaryClass = "astro-ph.SR",
 keywords = {astrometry, parallaxes, stars: distances, stars: variables: Cepheids, stars: variables: RR Lyrae, methods: data analysis},
     year = 2017,
    month = sep,
   volume = 605,
      eid = {A79},
    pages = {A79},
      doi = {10.1051/0004-6361/201629925},
   adsurl = {http://adsabs.harvard.edu/abs/2017A%26A...605A..79G},
  adsnote = {Provided by the SAO/NASA Astrophysics Data System}
}

@ARTICLE{Sesar2017b,
   author = {{Sesar}, B. and {Hernitschek}, N. and {Dierickx}, M.~I.~P. and 
	{Fardal}, M.~A. and {Rix}, H.-W.},
    title = "{The $\gt$100 kpc Distant Spur of the Sagittarius Stream and the Outer Virgo Overdensity, as Seen in PS1 RR Lyrae Stars}",
  journal = {\apjl},
archivePrefix = "arXiv",
   eprint = {1706.10187},
 keywords = {Galaxy: halo, Galaxy: stellar content, Galaxy: structure, stars: variables: RR Lyrae},
     year = 2017,
    month = jul,
   volume = 844,
      eid = {L4},
    pages = {L4},
      doi = {10.3847/2041-8213/aa7c61},
   adsurl = {http://adsabs.harvard.edu/abs/2017ApJ...844L...4S},
  adsnote = {Provided by the SAO/NASA Astrophysics Data System}
}

@ARTICLE{Sesar2017a,
   author = {{Sesar}, B. and {Fouesneau}, M. and {Price-Whelan}, A.~M. and 
	{Bailer-Jones}, C.~A.~L. and {Gould}, A. and {Rix}, H.-W.},
    title = "{A Probabilistic Approach to Fitting Period-luminosity Relations and Validating Gaia Parallaxes}",
  journal = {\apj},
archivePrefix = "arXiv",
   eprint = {1611.07035},
 keywords = {methods: data analysis, methods: statistical, parallaxes, stars: variables: RR Lyrae},
     year = 2017,
    month = apr,
   volume = 838,
      eid = {107},
    pages = {107},
      doi = {10.3847/1538-4357/aa643b},
   adsurl = {http://adsabs.harvard.edu/abs/2017ApJ...838..107S},
  adsnote = {Provided by the SAO/NASA Astrophysics Data System}
}

@ARTICLE{Sesar2014,
   author = {{Sesar}, B. and {Banholzer}, S.~R. and {Cohen}, J.~G. and {Martin}, N.~F. and 
	{Grillmair}, C.~J. and {Levitan}, D. and {Laher}, R.~R. and 
	{Ofek}, E.~O. and {Surace}, J.~A. and {Kulkarni}, S.~R. and 
	{Prince}, T.~A. and {Rix}, H.-W.},
    title = "{Stacking the Invisibles: A Guided Search for Low-luminosity Milky Way Satellites}",
  journal = {\apj},
archivePrefix = "arXiv",
   eprint = {1407.1835},
 keywords = {galaxies: dwarf, Galaxy: halo, Galaxy: structure, stars: variables: RR Lyrae },
     year = 2014,
    month = oct,
   volume = 793,
      eid = {135},
    pages = {135},
      doi = {10.1088/0004-637X/793/2/135},
   adsurl = {http://adsabs.harvard.edu/abs/2014ApJ...793..135S},
  adsnote = {Provided by the SAO/NASA Astrophysics Data System}
}

@ARTICLE{Sesar2013,
   author = {{Sesar}, B. and {Ivezi{\'c}}, {\v Z}. and {Stuart}, J.~S. and 
	{Morgan}, D.~M. and {Becker}, A.~C. and {Sharma}, S. and {Palaversa}, L. and 
	{Juri{\'c}}, M. and {Wozniak}, P. and {Oluseyi}, H.},
    title = "{Exploring the Variable Sky with LINEAR. II. Halo Structure and Substructure Traced by RR Lyrae Stars to 30 kpc}",
  journal = {\aj},
archivePrefix = "arXiv",
   eprint = {1305.2160},
 keywords = {Galaxy: halo, Galaxy: stellar content, Galaxy: structure, stars: variables: RR Lyrae},
     year = 2013,
    month = aug,
   volume = 146,
      eid = {21},
    pages = {21},
      doi = {10.1088/0004-6256/146/2/21},
   adsurl = {http://adsabs.harvard.edu/abs/2013AJ....146...21S},
  adsnote = {Provided by the SAO/NASA Astrophysics Data System}
}

@ARTICLE{Sesar2011,
   author = {{Sesar}, B. and {Stuart}, J.~S. and {Ivezi{\'c}}, {\v Z}. and 
	{Morgan}, D.~P. and {Becker}, A.~C. and {Wo{\'z}niak}, P.},
    title = "{Exploring the Variable Sky with LINEAR. I. Photometric Recalibration with the Sloan Digital Sky Survey}",
  journal = {\aj},
archivePrefix = "arXiv",
   eprint = {1109.5227},
 keywords = {binaries: eclipsing, catalogs, stars: variables: general, stars: variables: RR Lyrae, surveys},
     year = 2011,
    month = dec,
   volume = 142,
      eid = {190},
    pages = {190},
      doi = {10.1088/0004-6256/142/6/190},
   adsurl = {http://adsabs.harvard.edu/abs/2011AJ....142..190S},
  adsnote = {Provided by the SAO/NASA Astrophysics Data System}
}

@ARTICLE{Sesar2010,
   author = {{Sesar}, B. and {Ivezi{\'c}}, {\v Z}. and {Grammer}, S.~H. and 
	{Morgan}, D.~P. and {Becker}, A.~C. and {Juri{\'c}}, M. and 
	{De Lee}, N. and {Annis}, J. and {Beers}, T.~C. and {Fan}, X. and 
	{Lupton}, R.~H. and {Gunn}, J.~E. and {Knapp}, G.~R. and {Jiang}, L. and 
	{Jester}, S. and {Johnston}, D.~E. and {Lampeitl}, H.},
    title = "{Light Curve Templates and Galactic Distribution of RR Lyrae Stars from Sloan Digital Sky Survey Stripe 82}",
  journal = {\apj},
archivePrefix = "arXiv",
   eprint = {0910.4611},
 keywords = {Galaxy: halo, Galaxy: stellar content, Galaxy: structure, methods: data analysis, stars: horizontal-branch, stars: statistics, stars: variables: other},
     year = 2010,
    month = jan,
   volume = 708,
    pages = {717-741},
      doi = {10.1088/0004-637X/708/1/717},
   adsurl = {http://adsabs.harvard.edu/abs/2010ApJ...708..717S},
  adsnote = {Provided by the SAO/NASA Astrophysics Data System}
}

@ARTICLE{Belokurov2017,
   author = {{Belokurov}, V. and {Erkal}, D. and {Deason}, A.~J. and {Koposov}, S.~E. and 
	{De Angeli}, F. and {Evans}, D.~W. and {Fraternali}, F. and 
	{Mackey}, D.},
    title = "{Clouds, Streams and Bridges. Redrawing the blueprint of the Magellanic System with Gaia DR1}",
  journal = {\mnras},
archivePrefix = "arXiv",
   eprint = {1611.04614},
 keywords = {Magellanic Clouds, galaxies: dwarf, galaxies: structure, Local Group, stars: variables: RR Lyrae},
     year = 2017,
    month = apr,
   volume = 466,
    pages = {4711-4730},
      doi = {10.1093/mnras/stw3357},
   adsurl = {http://adsabs.harvard.edu/abs/2017MNRAS.466.4711B},
  adsnote = {Provided by the SAO/NASA Astrophysics Data System}
}
@ARTICLE{Clementini2016,
   author = {{Clementini}, G. and {Ripepi}, V. and {Leccia}, S. and {Mowlavi}, N. and 
	{Lecoeur-Taibi}, I. and {Marconi}, M. and {Szabados}, L. and 
	{Eyer}, L. and {Guy}, L.~P. and {Rimoldini}, L. and {Jevardat de Fombelle}, G. and 
	{Holl}, B. and {Busso}, G. and {Charnas}, J. and {Cuypers}, J. and 
	{De Angeli}, F. and {De Ridder}, J. and {Debosscher}, J. and 
	{Evans}, D.~W. and {Klagyivik}, P. and {Musella}, I. and {Nienartowicz}, K. and 
	{Ord{\'o}{\~n}ez}, D. and {Regibo}, S. and {Riello}, M. and 
	{Sarro}, L.~M. and {S{\"u}veges}, M.},
    title = "{Gaia Data Release 1. The Cepheid and RR Lyrae star pipeline and its application to the south ecliptic pole region}",
  journal = {\aap},
archivePrefix = "arXiv",
   eprint = {1609.04269},
 primaryClass = "astro-ph.SR",
 keywords = {stars: general, stars: oscillations, stars: variables: Cepheids, stars: variables: RR Lyrae, methods: data analysis, Magellanic Clouds},
     year = 2016,
    month = nov,
   volume = 595,
      eid = {A133},
    pages = {A133},
      doi = {10.1051/0004-6361/201629583},
   adsurl = {http://adsabs.harvard.edu/abs/2016A%26A...595A.133C},
  adsnote = {Provided by the SAO/NASA Astrophysics Data System}
}
@ARTICLE{Mateu2012,
   author = {{Mateu}, C. and {Vivas}, A.~K. and {Downes}, J.~J. and {Brice{\~n}o}, C. and 
	{Zinn}, R. and {Cruz-Diaz}, G.},
    title = "{The QUEST RR Lyrae Survey - III. The low Galactic latitude catalogue}",
  journal = {\mnras},
archivePrefix = "arXiv",
   eprint = {1208.4599},
 keywords = {astronomical data bases: miscellaneous, surveys, stars: variables: RR Lyrae, Galaxy: stellar content, Galaxy: structure},
     year = 2012,
    month = dec,
   volume = 427,
    pages = {3374-3395},
      doi = {10.1111/j.1365-2966.2012.21968.x},
   adsurl = {http://adsabs.harvard.edu/abs/2012MNRAS.427.3374M},
  adsnote = {Provided by the SAO/NASA Astrophysics Data System}
}

@ARTICLE{Soszynski2016,
   author = {{Soszy{\'n}ski}, I. and {Udalski}, A. and {Szyma{\'n}ski}, M.~K. and 
	{Wyrzykowski}, {\L}. and {Ulaczyk}, K. and {Poleski}, R. and 
	{Pietrukowicz}, P. and {Koz{\l}owski}, S. and {Skowron}, D.~M. and 
	{Skowron}, J. and {Mr{\'o}z}, P. and {Pawlak}, M.},
    title = "{The OGLE Collection of Variable Stars. Over 45 000 RR Lyrae Stars in the Magellanic System}",
  journal = {\actaa},
archivePrefix = "arXiv",
   eprint = {1606.02727},
 primaryClass = "astro-ph.SR",
 keywords = {Stars: variables: RR Lyrae, Stars: oscillations, Stars: Population II, Magellanic Clouds, Catalogs},
     year = 2016,
    month = jun,
   volume = 66,
    pages = {131-147},
   adsurl = {http://adsabs.harvard.edu/abs/2016AcA....66..131S},
  adsnote = {Provided by the SAO/NASA Astrophysics Data System}
}
@ARTICLE{Braga2016,
   author = {{Braga}, V.~F. and {Stetson}, P.~B. and {Bono}, G. and {Dall'Ora}, M. and 
	{Ferraro}, I. and {Fiorentino}, G. and {Freyhammer}, L.~M. and 
	{Iannicola}, G. and {Marengo}, M. and {Neeley}, J. and {Valenti}, E. and 
	{Buonanno}, R. and {Calamida}, A. and {Castellani}, M. and {da Silva}, R. and 
	{Degl'Innocenti}, S. and {Di Cecco}, A. and {Fabrizio}, M. and 
	{Freedman}, W.~L. and {Giuffrida}, G. and {Lub}, J. and {Madore}, B.~F. and 
	{Marconi}, M. and {Marinoni}, S. and {Matsunaga}, N. and {Monelli}, M. and 
	{Persson}, S.~E. and {Piersimoni}, A.~M. and {Pietrinferni}, A. and 
	{Prada-Moroni}, P. and {Pulone}, L. and {Stellingwerf}, R. and 
	{Tognelli}, E. and {Walker}, A.~R.},
    title = "{On the RR Lyrae Stars in Globulars. IV. {$\omega$} Centauri Optical UBVRI Photometry}",
  journal = {\aj},
archivePrefix = "arXiv",
   eprint = {1609.04916},
 primaryClass = "astro-ph.SR",
 keywords = {globular clusters: individual: omega Cen, stars: distances, stars: horizontal-branch, stars: variables: RR Lyrae},
     year = 2016,
    month = dec,
   volume = 152,
      eid = {170},
    pages = {170},
      doi = {10.3847/0004-6256/152/6/170},
   adsurl = {http://adsabs.harvard.edu/abs/2016AJ....152..170B},
  adsnote = {Provided by the SAO/NASA Astrophysics Data System}
}

@ARTICLE{Catelan2009,
   author = {{Catelan}, M.},
    title = "{Horizontal branch stars: the interplay between observations and theory, and insights into the formation of the Galaxy}",
  journal = {\apss},
   eprint = {astro-ph/0507464},
 keywords = {Galaxies: Local Group, Galaxy: formation, Galaxy: globular cluster: general, Stars: evolution, Stars: Hertzsprung-Russell diagram, Stars: horizontal-branch, Stars: variables: other},
     year = 2009,
    month = apr,
   volume = 320,
    pages = {261-309},
      doi = {10.1007/s10509-009-9987-8},
   adsurl = {http://adsabs.harvard.edu/abs/2009Ap%26SS.320..261C},
  adsnote = {Provided by the SAO/NASA Astrophysics Data System}
}

@ARTICLE{Blazhko1907,
   author = {{Bla{\v z}ko}, S.},
    title = "{Mitteilung {\"u}ber ver{\"a}nderliche Sterne}",
  journal = {Astronomische Nachrichten},
     year = 1907,
    month = aug,
   volume = 175,
    pages = {325},
      doi = {10.1002/asna.19071752002},
   adsurl = {http://adsabs.harvard.edu/abs/1907AN....175..325B},
  adsnote = {Provided by the SAO/NASA Astrophysics Data System}
}

@ARTICLE{Oosterhoff1939,
   author = {{Oosterhoff}, P.~T.},
    title = "{Some remarks on the variable stars in globular clusters}",
  journal = {The Observatory},
     year = 1939,
    month = apr,
   volume = 62,
    pages = {104-109},
   adsurl = {http://adsabs.harvard.edu/abs/1939Obs....62..104O},
  adsnote = {Provided by the SAO/NASA Astrophysics Data System}
}

@ARTICLE{Pritzl2005,
   author = {{Pritzl}, B.~J. and {Armandroff}, T.~E. and {Jacoby}, G.~H. and 
	{Da Costa}, G.~S.},
    title = "{The Dwarf Spheroidal Companions to M31: Variable Stars in Andromeda I and Andromeda III}",
  journal = {\aj},
   eprint = {astro-ph/0501083},
 keywords = {Stars: Variables: Cepheids, Galaxies: Individual: Name: Andromeda I, Galaxies: Individual: Name: Andromeda III, Galaxies: Local Group, Stars: Variables: Other},
     year = 2005,
    month = may,
   volume = 129,
    pages = {2232-2256},
      doi = {10.1086/428372},
   adsurl = {http://adsabs.harvard.edu/abs/2005AJ....129.2232P},
  adsnote = {Provided by the SAO/NASA Astrophysics Data System}
}

@ARTICLE{Pritzl2004,
   author = {{Pritzl}, B.~J. and {Armandroff}, T.~E. and {Jacoby}, G.~H. and 
	{Da Costa}, G.~S.},
    title = "{The Dwarf Spheroidal Companions to M31: Variable Stars in Andromeda II}",
  journal = {\aj},
   eprint = {astro-ph/0310620},
 keywords = {Stars: Variables: Cepheids, Galaxies: Dwarf, Galaxies: Individual: Name: Andromeda II, Galaxies: Local Group, Stars: Variables: RR Lyrae Variable, Stars: Variables: Other},
     year = 2004,
    month = jan,
   volume = 127,
    pages = {318-333},
      doi = {10.1086/380613},
   adsurl = {http://adsabs.harvard.edu/abs/2004AJ....127..318P},
  adsnote = {Provided by the SAO/NASA Astrophysics Data System}
}

@ARTICLE{Pritzl2002,
   author = {{Pritzl}, B.~J. and {Armandroff}, T.~E. and {Jacoby}, G.~H. and 
	{Da Costa}, G.~S.},
    title = "{The Dwarf Spheroidal Companions to M31: Variable Stars in Andromeda VI}",
  journal = {\aj},
   eprint = {astro-ph/0205361},
 keywords = {Galaxies: Dwarf, Galaxies: Individual: Name: Andromeda VI, Galaxies: Individual: Name: Pegasus Dwarf Spheroidal, Galaxies: Local Group, Stars: Variables: RR Lyrae Variable, Stars: Variables: General},
     year = 2002,
    month = sep,
   volume = 124,
    pages = {1464-1485},
      doi = {10.1086/341823},
   adsurl = {http://adsabs.harvard.edu/abs/2002AJ....124.1464P},
  adsnote = {Provided by the SAO/NASA Astrophysics Data System}
}
@ARTICLE{DallOra2003,
   author = {{Dall'Ora}, M. and {Ripepi}, V. and {Caputo}, F. and {Castellani}, V. and 
	{Bono}, G. and {Smith}, H.~A. and {Brocato}, E. and {Buonanno}, R. and 
	{Castellani}, M. and {Corsi}, C.~E. and {Marconi}, M. and {Monelli}, M. and 
	{Nonino}, M. and {Pulone}, L. and {Walker}, A.~R.},
    title = "{The Carina Project. I. Bright Variable Stars}",
  journal = {\aj},
   eprint = {astro-ph/0302418},
 keywords = {Galaxies: Dwarf, Galaxies: Individual: Name: Carina, Galaxies: Local Group, Stars: Distances, Stars: Horizontal-Branch, Stars: Oscillations},
     year = 2003,
    month = jul,
   volume = 126,
    pages = {197-217},
      doi = {10.1086/374943},
   adsurl = {http://adsabs.harvard.edu/abs/2003AJ....126..197D},
  adsnote = {Provided by the SAO/NASA Astrophysics Data System}
}
@ARTICLE{Bernard2009,
   author = {{Bernard}, E.~J. and {Monelli}, M. and {Gallart}, C. and {Drozdovsky}, I. and 
	{Stetson}, P.~B. and {Aparicio}, A. and {Cassisi}, S. and {Mayer}, L. and 
	{Cole}, A.~A. and {Hidalgo}, S.~L. and {Skillman}, E.~D. and 
	{Tolstoy}, E.},
    title = "{The ACS LCID Project. I. Short-Period Variables in the Isolated Dwarf Spheroidal Galaxies Cetus and Tucana}",
  journal = {\apj},
archivePrefix = "arXiv",
   eprint = {0904.4463},
 primaryClass = "astro-ph.SR",
 keywords = {galaxies: dwarf, galaxies: individual: Cetus Tucana, Local Group, stars: horizontal-branch, stars: variables: other},
     year = 2009,
    month = jul,
   volume = 699,
    pages = {1742-1764},
      doi = {10.1088/0004-637X/699/2/1742},
   adsurl = {http://adsabs.harvard.edu/abs/2009ApJ...699.1742B},
  adsnote = {Provided by the SAO/NASA Astrophysics Data System}
}
@ARTICLE{Kaluzny1995,
   author = {{Kaluzny}, J. and {Kubiak}, M. and {Szymanski}, M. and {Udalski}, A. and 
	{Krzeminski}, W. and {Mateo}, M.},
    title = "{OGLE catalogue of variable stars in the Sculptor dwarf spheroidal Galaxy.}",
  journal = {\aaps},
 keywords = {GALAXIES: LOCAL GROUP, GALAXIES: STELLAR CONTENT, GALAXIES: INDIVIDUAL: SCULPTOR, HR DIAGRAM, STARS: HORIZONTAL BRANCH, STARS: VARIABLES: OTHERS},
     year = 1995,
    month = sep,
   volume = 112,
    pages = {407},
   adsurl = {http://adsabs.harvard.edu/abs/1995A%26AS..112..407K},
  adsnote = {Provided by the SAO/NASA Astrophysics Data System}
}

@ARTICLE{Siegel2000,
   author = {{Siegel}, M.~H. and {Majewski}, S.~R.},
    title = "{Exploring the Leo II Dwarf Spheroidal Galaxy. I. The Variable Star Content}",
  journal = {\aj},
   eprint = {astro-ph/0004099},
 keywords = {Galaxies: Dwarf, Galaxies: Individual: Name: Leo II, Galaxies: Stellar Content, Stars: Variables: General},
     year = 2000,
    month = jul,
   volume = 120,
    pages = {284-297},
      doi = {10.1086/301451},
   adsurl = {http://adsabs.harvard.edu/abs/2000AJ....120..284S},
  adsnote = {Provided by the SAO/NASA Astrophysics Data System}
}
@ARTICLE{Bonanos2004,
   author = {{Bonanos}, A.~Z. and {Stanek}, K.~Z. and {Szentgyorgyi}, A.~H. and 
	{Sasselov}, D.~D. and {Bakos}, G.~{\'A}.},
    title = "{The RR Lyrae Distance to the Draco Dwarf Spheroidal Galaxy}",
  journal = {\aj},
   eprint = {astro-ph/0310477},
 keywords = {Cosmology: Distance Scale, Galaxies: Dwarf, Galaxies: Individual: Name: Draco, Galaxies: Local Group},
     year = 2004,
    month = feb,
   volume = 127,
    pages = {861-867},
      doi = {10.1086/381073},
   adsurl = {http://adsabs.harvard.edu/abs/2004AJ....127..861B},
  adsnote = {Provided by the SAO/NASA Astrophysics Data System}
}

@ARTICLE{Carretta2009,
   author = {{Carretta}, E. and {Bragaglia}, A. and {Gratton}, R. and {D'Orazi}, V. and 
	{Lucatello}, S.},
    title = "{Intrinsic iron spread and a new metallicity scale for globular clusters}",
  journal = {\aap},
archivePrefix = "arXiv",
   eprint = {0910.0675},
 keywords = {stars: abundances, stars: atmospheres, stars: population II, globular clusters: general},
     year = 2009,
    month = dec,
   volume = 508,
    pages = {695-706},
      doi = {10.1051/0004-6361/200913003},
   adsurl = {http://adsabs.harvard.edu/abs/2009A%26A...508..695C},
  adsnote = {Provided by the SAO/NASA Astrophysics Data System}
}

@ARTICLE{VandenBerg2016,
       author = {{VandenBerg}, Don A. and {Denissenkov}, P.~A. and {Catelan}, M{\'a}rcio},
        title = "{Constraints on the Distance Moduli, Helium and Metal Abundances, and
        Ages of Globular Clusters from their RR Lyrae and Non-variable
        Horizontal-branch Stars. I. M3, M15, and M92}",
      journal = {\apj},
     keywords = {globular clusters: individual: M3 {\&} NGC 5272, M15 {\&} NGC 7078, M92
        {\&} NGC 6341, stars: evolution, stars: horizontal-branch,
        stars: variables: RR Lyrae, Astrophysics - Solar and Stellar
        Astrophysics},
         year = 2016,
        month = Aug,
       volume = {827},
          eid = {2},
        pages = {2},
          doi = {10.3847/0004-637X/827/1/2},
       adsurl = {https://ui.adsabs.harvard.edu/#abs/2016ApJ...827....2V},
      adsnote = {Provided by the SAO/NASA Astrophysics Data System}
}

@ARTICLE{Drake2017,
       author = {{Drake}, A.~J. and {Djorgovski}, S.~G. and {Catelan}, M. and {Graham},
        M.~J. and {Mahabal}, A.~A. and {Larson}, S. and {Christensen},
        E. and {Torrealba}, G. and {Beshore}, E. and {McNaught}, R.~H.
        and {Garradd}, G. and {Belokurov}, V. and {Koposov}, S.~E.},
        title = "{The Catalina Surveys Southern periodic variable star catalogue}",
      journal = {\mnras},
     keywords = {stars: variables: general, stars: variables: RR Lyrae - Galaxy: halo,
        Galaxy: stellar content, Galaxy: structure},
         year = 2017,
        month = Aug,
       volume = {469},
        pages = {3688-3712},
          doi = {10.1093/mnras/stx1085},
       adsurl = {https://ui.adsabs.harvard.edu/#abs/2017MNRAS.469.3688D},
      adsnote = {Provided by the SAO/NASA Astrophysics Data System}
}



@article{Drake2013b,
author = {Drake, A J and Catelan, M and Djorgovski, S G and Torrealba, G and Graham, M J and Mahabal, A and Prieto, J L and Donalek, C and Williams, R and Larson, S and Christensen, E and Beshore, E},
title = {{EVIDENCE FOR A MILKY WAY TIDAL STREAM REACHING BEYOND 100 kpc}},
journal = {\apj},
year = {2013},
volume = {765},
number = {2},
pages = {154},
month = feb
}

@article{Drake2013a,
author = {Drake, A J and Catelan, M and Djorgovski, S G and Torrealba, G and Graham, M J and Belokurov, V and Koposov, S E and Mahabal, A and Prieto, J L and Donalek, C and Williams, R and Larson, S and Christensen, E and Beshore, E},
title = {{PROBING THE OUTER GALACTIC HALO WITH RR LYRAE FROM THE CATALINA SURVEYS}},
journal = {\apj},
year = {2013},
volume = {763},
number = {1},
pages = {32},
month = jan
}

@ARTICLE{Torrealba2015,
   author = {{Torrealba}, G. and {Catelan}, M. and {Drake}, A.~J. and {Djorgovski}, S.~G. and 
	{McNaught}, R.~H. and {Belokurov}, V. and {Koposov}, S. and 
	{Graham}, M.~J. and {Mahabal}, A. and {Larson}, S. and {Christensen}, E.
	},
    title = "{Discovery of {\tilde}9000 new RR Lyrae in the southern Catalina surveys}",
  journal = {\mnras},
archivePrefix = "arXiv",
   eprint = {1410.7653},
 keywords = {methods: data analysis, methods: statistical, stars: variables: RR Lyrae, Galaxy: halo, Galaxy: structure},
     year = 2015,
    month = jan,
   volume = 446,
    pages = {2251-2266},
      doi = {10.1093/mnras/stu2274},
   adsurl = {http://adsabs.harvard.edu/abs/2015MNRAS.446.2251T},
  adsnote = {Provided by the SAO/NASA Astrophysics Data System}
}

@article{Lafler1965,
author = {J Lafler and T. D Kinman}, 
journal = {ApJ Supplement},
title = {An RR Lyrae Star Survey with Ihe Lick 20-INCH Astrograph II. The Calculation of RR Lyrae Periods by Electronic Computer.},
abstract = {Abstract image available at: http://adsabs.harvard.edu/abs/1965ApJS...11..216L},
pages = {216},
volume = {11},
year = {1965},
month = {Jun},
date-added = {2010-01-19 13:50:31 -0430},
date-modified = {2010-01-19 13:50:47 -0430},
doi = {10.1086/190116},
pmid = {1965ApJS...11..216L},
URL = {http://adsabs.harvard.edu/cgi-bin/nph-data_query?bibcode=1965ApJS...11..216L&link_type=ABSTRACT},
local-url = {file://localhost/Users/cmateu/trabajo/articulos/Papers/Lafler_1965.pdf},
uri = {papers://3CF19FFD-9F37-4577-AFDC-1D7F0F338DCB/Paper/p2095},
rating = {0}
}



@ARTICLE{Schlafly2011,
       author = {{Schlafly}, Edward F. and {Finkbeiner}, Douglas P.},
        title = "{Measuring Reddening with Sloan Digital Sky Survey Stellar Spectra and
        Recalibrating SFD}",
      journal = {\apj},
     keywords = {dust, extinction, Galaxy: stellar content, ISM: clouds, Astrophysics -
        Galaxy Astrophysics},
         year = 2011,
        month = Aug,
       volume = {737},
          eid = {103},
        pages = {103},
          doi = {10.1088/0004-637X/737/2/103},
archivePrefix = {arXiv},
       eprint = {1012.4804},
 primaryClass = {astro-ph.GA},
       adsurl = {https://ui.adsabs.harvard.edu/#abs/2011ApJ...737..103S},
      adsnote = {Provided by the SAO/NASA Astrophysics Data System}
}



@ARTICLE{Dambis2013,
       author = {{Dambis}, A.~K. and {Berdnikov}, L.~N. and {Kniazev}, A.~Y. and
        {Kravtsov}, V.~V. and {Rastorguev}, A.~S. and {Sefako}, R. and
        {Vozyakova}, O.~V.},
        title = "{RR Lyrae variables: visual and infrared luminosities, intrinsic colours
        and kinematics}",
      journal = {\mnras},
     keywords = {stars: distances, stars: kinematics and dynamics, stars: variables: RR
        Lyrae, Local Group, distance scale, Astrophysics - Galaxy
        Astrophysics},
         year = 2013,
        month = Nov,
       volume = {435},
        pages = {3206-3220},
          doi = {10.1093/mnras/stt1514},
archivePrefix = {arXiv},
       eprint = {1308.4727},
 primaryClass = {astro-ph.GA},
       adsurl = {https://ui.adsabs.harvard.edu/#abs/2013MNRAS.435.3206D},
      adsnote = {Provided by the SAO/NASA Astrophysics Data System}
}



