
@article{astropy,
	Adsnote = {Provided by the SAO/NASA Astrophysics Data System},
	Adsurl = {http://adsabs.harvard.edu/abs/2013A%26A...558A..33A},
	Archiveprefix = {arXiv},
	Author = {{Astropy Collaboration} and {Robitaille}, T.~P. and {Tollerud}, E.~J. and {Greenfield}, P. and {Droettboom}, M. and {Bray}, E. and {Aldcroft}, T. and {Davis}, M. and {Ginsburg}, A. and {Price-Whelan}, A.~M. and {Kerzendorf}, W.~E. and {Conley}, A. and {Crighton}, N. and {Barbary}, K. and {Muna}, D. and {Ferguson}, H. and {Grollier}, F. and {Parikh}, M.~M. and {Nair}, P.~H. and {Unther}, H.~M. and {Deil}, C. and {Woillez}, J. and {Conseil}, S. and {Kramer}, R. and {Turner}, J.~E.~H. and {Singer}, L. and {Fox}, R. and {Weaver}, B.~A. and {Zabalza}, V. and {Edwards}, Z.~I. and {Azalee Bostroem}, K. and {Burke}, D.~J. and {Casey}, A.~R. and {Crawford}, S.~M. and {Dencheva}, N. and {Ely}, J. and {Jenness}, T. and {Labrie}, K. and {Lim}, P.~L. and {Pierfederici}, F. and {Pontzen}, A. and {Ptak}, A. and {Refsdal}, B. and {Servillat}, M. and {Streicher}, O.},
	Doi = {10.1051/0004-6361/201322068},
	Eid = {A33},
	Eprint = {1307.6212},
	Journal = {\aap},
	Keywords = {methods: data analysis, methods: miscellaneous, virtual observatory tools},
	Month = oct,
	Pages = {A33},
	Primaryclass = {astro-ph.IM},
	Title = {{Astropy: A community Python package for astronomy}},
	Volume = 558,
	Year = 2013,
	Bdsk-Url-1 = {https://dx.doi.org/10.1051/0004-6361/201322068}}

@article{mpl,
	Adsnote = {Provided by the SAO/NASA Astrophysics Data System},
	Adsurl = {http://adsabs.harvard.edu/abs/2007CSE.....9...90H},
	Author = {{Hunter}, J.~D.},
	Doi = {10.1109/MCSE.2007.55},
	Journal = {Computing in Science and Engineering},
	Keywords = {Python, Scripting languages, Application development, Scientific programming},
	Month = may,
	Pages = {90-95},
	Title = {{Matplotlib: A 2D Graphics Environment}},
	Volume = 9,
	Year = 2007,
	Bdsk-Url-1 = {https://dx.doi.org/10.1109/MCSE.2007.55}}

@article{numpy,
	Acmid = {1957466},
	Address = {Piscataway, NJ, USA},
	Author = {Walt, Stefan van der and Colbert, S. Chris and Varoquaux, Gael},
	Doi = {10.1109/MCSE.2011.37},
	Issn = {1521-9615},
	Issue_Date = {March 2011},
	Journal = {Computing in Science and Engg.},
	Keywords = {NumPy, Python, Python, NumPy, scientific programming, numerical computations, programming libraries, numerical computations, programming libraries, scientific programming},
	Month = mar,
	Number = {2},
	Numpages = {9},
	Pages = {22--30},
	Publisher = {IEEE Educational Activities Department},
	Title = {The NumPy Array: A Structure for Efficient Numerical Computation},
	Url = {http://dx.doi.org/10.1109/MCSE.2011.37},
	Volume = {13},
	Year = {2011},
	Bdsk-Url-1 = {http://dx.doi.org/10.1109/MCSE.2011.37}}

@misc{scipy,
	Author = {Eric Jones and Travis Oliphant and Pearu Peterson and others},
	Title = {{SciPy}: Open source scientific tools for {Python}},
	Url = {http://www.scipy.org/},
	Year = {2001--},
	Bdsk-Url-1 = {http://www.scipy.org/}}

@article{gala,
	Adsnote = {Provided by the SAO/NASA Astrophysics Data System},
	Adsurl = {http://adsabs.harvard.edu/abs/2017JOSS....2..388P},
	Author = {{Price-Whelan}, A.~M.},
	Doi = {10.21105/joss.00388},
	Eid = {388},
	Journal = {The Journal of Open Source Software},
	Keywords = {galactic dynamics, python, stellar kinematics},
	Month = oct,
	Pages = {388},
	Title = {{Gala: A Python package for galactic dynamics}},
	Volume = 2,
	Year = 2017,
	Bdsk-Url-1 = {https://dx.doi.org/10.21105/joss.00388}}

@article{ipython,
	Author = {P\'erez, Fernando and Granger, Brian E.},
	Date-Added = {2017-08-04 07:38:09 +0000},
	Date-Modified = {2017-08-04 07:38:09 +0000},
	Doi = {10.1109/MCSE.2007.53},
	Issn = {1521-9615},
	Journal = {Computing in Science and Engineering},
	Month = may,
	Number = {3},
	Pages = {21--29},
	Publisher = {IEEE Computer Society},
	Title = {{IP}ython: a System for Interactive Scientific Computing},
	Url = {http://ipython.org},
	Volume = {9},
	Year = 2007,
	Bdsk-Url-1 = {http://ipython.org},
	Bdsk-Url-2 = {http://dx.doi.org/10.1109/MCSE.2007.53}}

@article{dustmaps,
	Author = {{Green}, G.},
	Doi = {10.21105/joss.00695},
	Eid = {695},
	Journal = {The Journal of Open Source Software},
	Month = jun,
	Pages = {695},
	Title = {{dustmaps: A Python interface for maps of interstellar dust}},
	Volume = 3,
	Year = 2018}

@ARTICLE{schwimmbad,
       author = {{Price-Whelan}, Adrian M. and {Foreman-Mackey}, Daniel},
        title = "{schwimmbad: A uniform interface to parallel processing pools in Python}",
      journal = {The Journal of Open Source Software},
         year = 2017,
        month = Sep,
       volume = {2},
          eid = {357},
        pages = {357},
          doi = {10.21105/joss.00357},
       adsurl = {https://ui.adsabs.harvard.edu/#abs/2017JOSS....2..357P},
      adsnote = {Provided by the SAO/NASA Astrophysics Data System}
}

@ARTICLE{astropy:2018,
       author = {{Astropy Collaboration} and {Price-Whelan}, A.~M. and {Sip{\'{o}}cz},
        B.~M. and {G{\"u}nther}, H.~M. and {Lim}, P.~L. and {Crawford},
        S.~M. and {Conseil}, S. and {Shupe}, D.~L. and {Craig}, M.~W.
        and {Dencheva}, N. and {Ginsburg}, A. and {VanderPlas}, J.~T.
        and {Bradley}, L.~D. and {P{\'e}rez-Su{\'a}rez}, D. and {de Val-
        Borro}, M. and {Aldcroft}, T.~L. and {Cruz}, K.~L. and
        {Robitaille}, T.~P. and {Tollerud}, E.~J. and {Ardelean}, C. and
        {Babej}, T. and {Bach}, Y.~P. and {Bachetti}, M. and {Bakanov},
        A.~V. and {Bamford}, S.~P. and {Barentsen}, G. and {Barmby}, P.
        and {Baumbach}, A. and {Berry}, K.~L. and {Biscani}, F. and
        {Boquien}, M. and {Bostroem}, K.~A. and {Bouma}, L.~G. and
        {Brammer}, G.~B. and {Bray}, E.~M. and {Breytenbach}, H. and
        {Buddelmeijer}, H. and {Burke}, D.~J. and {Calderone}, G. and
        {Cano Rodr{\'\i}guez}, J.~L. and {Cara}, M. and {Cardoso},
        J.~V.~M. and {Cheedella}, S. and {Copin}, Y. and {Corrales}, L.
        and {Crichton}, D. and {D'Avella}, D. and {Deil}, C. and
        {Depagne}, {\'E}. and {Dietrich}, J.~P. and {Donath}, A. and
        {Droettboom}, M. and {Earl}, N. and {Erben}, T. and {Fabbro}, S.
        and {Ferreira}, L.~A. and {Finethy}, T. and {Fox}, R.~T. and
        {Garrison}, L.~H. and {Gibbons}, S.~L.~J. and {Goldstein}, D.~A.
        and {Gommers}, R. and {Greco}, J.~P. and {Greenfield}, P. and
        {Groener}, A.~M. and {Grollier}, F. and {Hagen}, A. and {Hirst},
        P. and {Homeier}, D. and {Horton}, A.~J. and {Hosseinzadeh}, G.
        and {Hu}, L. and {Hunkeler}, J.~S. and {Ivezi{\'c}}, {\v{Z}}.
        and {Jain}, A. and {Jenness}, T. and {Kanarek}, G. and
        {Kendrew}, S. and {Kern}, N.~S. and {Kerzendorf}, W.~E. and
        {Khvalko}, A. and {King}, J. and {Kirkby}, D. and {Kulkarni},
        A.~M. and {Kumar}, A. and {Lee}, A. and {Lenz}, D. and
        {Littlefair}, S.~P. and {Ma}, Z. and {Macleod}, D.~M. and
        {Mastropietro}, M. and {McCully}, C. and {Montagnac}, S. and
        {Morris}, B.~M. and {Mueller}, M. and {Mumford}, S.~J. and
        {Muna}, D. and {Murphy}, N.~A. and {Nelson}, S. and {Nguyen},
        G.~H. and {Ninan}, J.~P. and {N{\"o}the}, M. and {Ogaz}, S. and
        {Oh}, S. and {Parejko}, J.~K. and {Parley}, N. and {Pascual}, S.
        and {Patil}, R. and {Patil}, A.~A. and {Plunkett}, A.~L. and
        {Prochaska}, J.~X. and {Rastogi}, T. and {Reddy Janga}, V. and
        {Sabater}, J. and {Sakurikar}, P. and {Seifert}, M. and
        {Sherbert}, L.~E. and {Sherwood-Taylor}, H. and {Shih}, A.~Y.
        and {Sick}, J. and {Silbiger}, M.~T. and {Singanamalla}, S. and
        {Singer}, L.~P. and {Sladen}, P.~H. and {Sooley}, K.~A. and
        {Sornarajah}, S. and {Streicher}, O. and {Teuben}, P. and
        {Thomas}, S.~W. and {Tremblay}, G.~R. and {Turner}, J.~E.~H. and
        {Terr{\'o}n}, V. and {van Kerkwijk}, M.~H. and {de la Vega}, A.
        and {Watkins}, L.~L. and {Weaver}, B.~A. and {Whitmore}, J.~B.
        and {Woillez}, J. and {Zabalza}, V. and {Astropy Contributors}},
        title = "{The Astropy Project: Building an Open-science Project and Status of the
        v2.0 Core Package}",
      journal = {\aj},
     keywords = {methods: data analysis, methods: miscellaneous, methods: statistical,
        reference systems, Astrophysics - Instrumentation and Methods
        for Astrophysics},
         year = 2018,
        month = Sep,
       volume = {156},
          eid = {123},
        pages = {123},
          doi = {10.3847/1538-3881/aabc4f},
 primaryClass = {astro-ph.IM},
       adsurl = {https://ui.adsabs.harvard.edu/#abs/2018AJ....156..123A},
      adsnote = {Provided by the SAO/NASA Astrophysics Data System}
}

@ARTICLE{emcee,
       author = {{Foreman-Mackey}, Daniel and {Hogg}, David W. and {Lang}, Dustin and
        {Goodman}, Jonathan},
        title = "{emcee: The MCMC Hammer}",
      journal = {Publications of the Astronomical Society of the Pacific},
     keywords = {Astrophysics - Instrumentation and Methods for Astrophysics, Physics -
        Computational Physics, Statistics - Computation},
         year = 2013,
        month = Mar,
       volume = {125},
        pages = {306},
          doi = {10.1086/670067},
archivePrefix = {arXiv},
       eprint = {1202.3665},
 primaryClass = {astro-ph.IM},
       adsurl = {https://ui.adsabs.harvard.edu/#abs/2013PASP..125..306F},
      adsnote = {Provided by the SAO/NASA Astrophysics Data System}
}

@ARTICLE{Odenkirchen:2009,
       author = {{Odenkirchen}, Michael and {Grebel}, Eva K. and {Kayser}, Andrea and
         {Rix}, Hans-Walter and {Dehnen}, Walter},
        title = "{Kinematics of the Tidal Debris of the Globular Cluster Palomar 5}",
      journal = {\aj},
     keywords = {globular clusters: general, globular clusters: individual: Palomar 5, stars: kinematics},
         year = "2009",
        month = "Feb",
       volume = {137},
       number = {2},
        pages = {3378-3387},
          doi = {10.1088/0004-6256/137/2/3378},
       adsurl = {https://ui.adsabs.harvard.edu/abs/2009AJ....137.3378O},
      adsnote = {Provided by the SAO/NASA Astrophysics Data System}
}

@ARTICLE{Odenkirchen:2002,
       author = {{Odenkirchen}, Michael and {Grebel}, Eva K. and {Dehnen}, Walter and
         {Rix}, Hans-Walter and {Cudworth}, Kyle M.},
        title = "{Kinematic Study of the Disrupting Globular Cluster Palomar 5 Using VLT Spectra}",
      journal = {\aj},
     keywords = {Galaxy: Globular Clusters: Individual: Name: Palomar 5, Stars: Kinematics, Astrophysics},
         year = "2002",
        month = "Sep",
       volume = {124},
       number = {3},
        pages = {1497-1510},
          doi = {10.1086/342287},
archivePrefix = {arXiv},
       eprint = {astro-ph/0206276},
 primaryClass = {astro-ph},
       adsurl = {https://ui.adsabs.harvard.edu/abs/2002AJ....124.1497O},
      adsnote = {Provided by the SAO/NASA Astrophysics Data System}
}


@ARTICLE{Kupper:2015,
       author = {{K{\"u}pper}, Andreas H.~W. and {Balbinot}, Eduardo and {Bonaca}, Ana and
         {Johnston}, Kathryn V. and {Hogg}, David W. and {Kroupa}, Pavel and
         {Santiago}, Basilio X.},
        title = "{Globular Cluster Streams as Galactic High-Precision Scales{\textemdash}the Poster Child Palomar 5}",
      journal = {\apj},
     keywords = {dark matter, Galaxy: fundamental parameters, Galaxy: halo, Galaxy: kinematics and dynamics, Galaxy: structure, globular clusters: individual: Palomar 5, Astrophysics - Astrophysics of Galaxies, Astrophysics - Solar and Stellar Astrophysics},
         year = "2015",
        month = "Apr",
       volume = {803},
       number = {2},
          eid = {80},
        pages = {80},
          doi = {10.1088/0004-637X/803/2/80},
archivePrefix = {arXiv},
       eprint = {1502.02658},
 primaryClass = {astro-ph.GA},
       adsurl = {https://ui.adsabs.harvard.edu/abs/2015ApJ...803...80K},
      adsnote = {Provided by the SAO/NASA Astrophysics Data System}
}


@ARTICLE{Gnedin:2014,
       author = {{Gnedin}, Oleg Y. and {Ostriker}, Jeremiah P. and {Tremaine}, Scott},
        title = "{Co-evolution of Galactic Nuclei and Globular Cluster Systems}",
      journal = {\apj},
     keywords = {galaxies: evolution, galaxies: formation, galaxies: nuclei, galaxies: star clusters: general, globular clusters: general, Astrophysics - Cosmology and Nongalactic Astrophysics},
         year = "2014",
        month = "Apr",
       volume = {785},
       number = {1},
          eid = {71},
        pages = {71},
          doi = {10.1088/0004-637X/785/1/71},
archivePrefix = {arXiv},
       eprint = {1308.0021},
 primaryClass = {astro-ph.CO},
       adsurl = {https://ui.adsabs.harvard.edu/abs/2014ApJ...785...71G},
      adsnote = {Provided by the SAO/NASA Astrophysics Data System}
}

@ARTICLE{Gnedin:1997,
       author = {{Gnedin}, Oleg Y. and {Ostriker}, Jeremiah P.},
        title = "{Destruction of the Galactic Globular Cluster System}",
      journal = {\apj},
     keywords = {Celestial Mechanics, Stellar Dynamics, Galaxy: Kinematics and Dynamics, Galaxy: Globular Clusters: General, Astrophysics},
         year = "1997",
        month = "Jan",
       volume = {474},
       number = {1},
        pages = {223-255},
          doi = {10.1086/303441},
archivePrefix = {arXiv},
       eprint = {astro-ph/9603042},
 primaryClass = {astro-ph},
       adsurl = {https://ui.adsabs.harvard.edu/abs/1997ApJ...474..223G},
      adsnote = {Provided by the SAO/NASA Astrophysics Data System}
}

@ARTICLE{Fritz:2015,
       author = {{Fritz}, T.~K. and {Kallivayalil}, N.},
        title = "{The Proper Motion of Palomar 5}",
      journal = {\apj},
     keywords = {Galaxy: fundamental parameters, globular clusters: individual: Palomar 5, proper motions, Astrophysics - Astrophysics of Galaxies, Astrophysics - Solar and Stellar Astrophysics},
         year = "2015",
        month = "Oct",
       volume = {811},
       number = {2},
          eid = {123},
        pages = {123},
          doi = {10.1088/0004-637X/811/2/123},
archivePrefix = {arXiv},
       eprint = {1508.06647},
 primaryClass = {astro-ph.GA},
       adsurl = {https://ui.adsabs.harvard.edu/abs/2015ApJ...811..123F},
      adsnote = {Provided by the SAO/NASA Astrophysics Data System}
}

@ARTICLE{Johnston:1996,
       author = {{Johnston}, Kathryn V. and {Hernquist}, Lars and {Bolte}, Michael},
        title = "{Fossil Signatures of Ancient Accretion Events in the Halo}",
      journal = {\apj},
     keywords = {GALAXIES: INTERACTIONS, GALAXY: HALO, METHODS: NUMERICAL, Astrophysics},
         year = "1996",
        month = "Jul",
       volume = {465},
        pages = {278},
          doi = {10.1086/177418},
archivePrefix = {arXiv},
       eprint = {astro-ph/9602060},
 primaryClass = {astro-ph},
       adsurl = {https://ui.adsabs.harvard.edu/abs/1996ApJ...465..278J},
      adsnote = {Provided by the SAO/NASA Astrophysics Data System}
}



@ARTICLE{Johnston:1999,
       author = {{Johnston}, Kathryn V. and {Zhao}, HongSheng and {Spergel}, David N. and
         {Hernquist}, Lars},
        title = "{Tidal Streams as Probes of the Galactic Potential}",
      journal = {\apjl},
     keywords = {GALAXY: FUNDAMENTAL PARAMETERS, GALAXY: HALO, GALAXY: KINEMATICS AND DYNAMICS, GALAXY: STRUCTURE, Galaxy: Fundamental Parameters, Galaxy: Halo, Galaxy: Kinematics and Dynamics, Galaxy: Structure, Astrophysics},
         year = "1999",
        month = "Feb",
       volume = {512},
       number = {2},
        pages = {L109-L112},
          doi = {10.1086/311876},
archivePrefix = {arXiv},
       eprint = {astro-ph/9807243},
 primaryClass = {astro-ph},
       adsurl = {https://ui.adsabs.harvard.edu/abs/1999ApJ...512L.109J},
      adsnote = {Provided by the SAO/NASA Astrophysics Data System}
}

@ARTICLE{Eyre:2011,
       author = {{Eyre}, Andy and {Binney}, James},
        title = "{The mechanics of tidal streams}",
      journal = {\mnras},
     keywords = {methods: analytical, methods: numerical, Galaxy: halo, Galaxy: kinematics and dynamics, Galaxy: structure, galaxies: interactions, Astrophysics - Galaxy Astrophysics, Astrophysics - Cosmology and Extragalactic Astrophysics},
         year = "2011",
        month = "May",
       volume = {413},
       number = {3},
        pages = {1852-1874},
          doi = {10.1111/j.1365-2966.2011.18270.x},
archivePrefix = {arXiv},
       eprint = {1011.3672},
 primaryClass = {astro-ph.GA},
       adsurl = {https://ui.adsabs.harvard.edu/abs/2011MNRAS.413.1852E},
      adsnote = {Provided by the SAO/NASA Astrophysics Data System}
}

@ARTICLE{Sanders:2013,
       author = {{Sanders}, Jason L. and {Binney}, James},
        title = "{Stream-orbit misalignment - I. The dangers of orbit-fitting}",
      journal = {\mnras},
     keywords = {Galaxy: halo, Galaxy: kinematics and dynamics, Galaxy: structure, galaxies: kinematics and dynamics, Astrophysics - Astrophysics of Galaxies},
         year = "2013",
        month = "Aug",
       volume = {433},
       number = {3},
        pages = {1813-1825},
          doi = {10.1093/mnras/stt806},
archivePrefix = {arXiv},
       eprint = {1305.1935},
 primaryClass = {astro-ph.GA},
       adsurl = {https://ui.adsabs.harvard.edu/abs/2013MNRAS.433.1813S},
      adsnote = {Provided by the SAO/NASA Astrophysics Data System}
}

@ARTICLE{Odenkirchen:2001,
       author = {{Odenkirchen}, Michael and {Grebel}, Eva K. and {Rockosi}, Constance M. and
         {Dehnen}, Walter and {Ibata}, Rodrigo and {Rix}, Hans-Walter and
         {Stolte}, Andrea and {Wolf}, Christian and {Anderson}, John E., Jr. and
         {Bahcall}, Neta A. and {Brinkmann}, Jon and {Csabai}, Istv{\'a}n and
         {Hennessy}, G. and {Hindsley}, Robert B. and
         {Ivezi{\'c}}, {\v{Z}}eljko and {Lupton}, Robert H. and
         {Munn}, Jeffrey A. and {Pier}, Jeffrey R. and {Stoughton}, Chris and
         {York}, Donald G.},
        title = "{Detection of Massive Tidal Tails around the Globular Cluster Palomar 5 with Sloan Digital Sky Survey Commissioning Data}",
      journal = {\apjl},
     keywords = {Galaxy: Halo, Galaxy: Kinematics and Dynamics, Galaxy: Structure, Galaxy: Globular Clusters:: Individual Name: Palomar 5, Astrophysics},
         year = "2001",
        month = "Feb",
       volume = {548},
       number = {2},
        pages = {L165-L169},
          doi = {10.1086/319095},
archivePrefix = {arXiv},
       eprint = {astro-ph/0012311},
 primaryClass = {astro-ph},
       adsurl = {https://ui.adsabs.harvard.edu/abs/2001ApJ...548L.165O},
      adsnote = {Provided by the SAO/NASA Astrophysics Data System}
}


@ARTICLE{Bernard:2016,
       author = {{Bernard}, Edouard J. and {Ferguson}, Annette M.~N. and
         {Schlafly}, Edward F. and {Martin}, Nicolas F. and {Rix}, Hans-Walter and
         {Bell}, Eric F. and {Finkbeiner}, Douglas P. and {Goldman}, Bertrand and
         {Mart{\'\i}nez-Delgado}, David and {Sesar}, Branimir and
         {Wyse}, Rosemary F.~G. and {Burgett}, William S. and
         {Chambers}, Kenneth C. and {Draper}, Peter W. and {Hodapp}, Klaus W. and
         {Kaiser}, Nicholas and {Kudritzki}, Rolf-Peter and
         {Magnier}, Eugene A. and {Metcalfe}, Nigel and {Wainscoat}, Richard J. and
         {Waters}, Christopher},
        title = "{A Synoptic Map of Halo Substructures from the Pan-STARRS1 3{\ensuremath{\pi}} Survey}",
      journal = {\mnras},
     keywords = {Hertzsprung-Russell and colour-magnitude diagrams, surveys, Galaxy: halo, Galaxy: structure, Astrophysics - Astrophysics of Galaxies},
         year = "2016",
        month = "Dec",
       volume = {463},
       number = {2},
        pages = {1759-1768},
          doi = {10.1093/mnras/stw2134},
archivePrefix = {arXiv},
       eprint = {1607.06088},
 primaryClass = {astro-ph.GA},
       adsurl = {https://ui.adsabs.harvard.edu/abs/2016MNRAS.463.1759B},
      adsnote = {Provided by the SAO/NASA Astrophysics Data System}
}

@ARTICLE{Ibata:2016,
       author = {{Ibata}, Rodrigo A. and {Lewis}, Geraint F. and {Martin}, Nicolas F.},
        title = "{Feeling the Pull: a Study of Natural Galactic Accelerometers. I. Photometry of the Delicate Stellar Stream of the Palomar 5 Globular Cluster}",
      journal = {\apj},
     keywords = {dark matter, Galaxy: halo, Galaxy: kinematics and dynamics, globular clusters: individual: Palomar 5, Astrophysics - Astrophysics of Galaxies},
         year = "2016",
        month = "Mar",
       volume = {819},
       number = {1},
          eid = {1},
        pages = {1},
          doi = {10.3847/0004-637X/819/1/1},
archivePrefix = {arXiv},
       eprint = {1512.03054},
 primaryClass = {astro-ph.GA},
       adsurl = {https://ui.adsabs.harvard.edu/abs/2016ApJ...819....1I},
      adsnote = {Provided by the SAO/NASA Astrophysics Data System}
}

@ARTICLE{Bonaca:2019,
       author = {{Bonaca}, Ana and {Pearson}, Sarah and {Price-Whelan}, Adrian M.},
        title = "{Variations in the width, density, and direction of the Palomar~5 tidal tails}",
      journal = {\apj\ submitted},
     keywords = {dark matter, Galaxy: halo, Galaxy: kinematics and dynamics, globular clusters: individual: Palomar 5, Astrophysics - Astrophysics of Galaxies},
         year = "2019"
}

@ARTICLE{Pearson:2017,
       author = {{Pearson}, Sarah and {Price-Whelan}, Adrian M. and
         {Johnston}, Kathryn V.},
        title = "{Gaps and length asymmetry in the stellar stream Palomar 5 as effects of Galactic bar rotation}",
      journal = {Nature Astronomy},
     keywords = {Astrophysics - Astrophysics of Galaxies},
         year = "2017",
        month = "Aug",
       volume = {1},
        pages = {633-639},
          doi = {10.1038/s41550-017-0220-3},
archivePrefix = {arXiv},
       eprint = {1703.04627},
 primaryClass = {astro-ph.GA},
       adsurl = {https://ui.adsabs.harvard.edu/abs/2017NatAs...1..633P},
      adsnote = {Provided by the SAO/NASA Astrophysics Data System}
}

@ARTICLE{Kuepper:2015,
       author = {{K{\"u}pper}, Andreas H.~W. and {Balbinot}, Eduardo and {Bonaca}, Ana and
         {Johnston}, Kathryn V. and {Hogg}, David W. and {Kroupa}, Pavel and
         {Santiago}, Basilio X.},
        title = "{Globular Cluster Streams as Galactic High-Precision Scales{\textemdash}the Poster Child Palomar 5}",
      journal = {\apj},
     keywords = {dark matter, Galaxy: fundamental parameters, Galaxy: halo, Galaxy: kinematics and dynamics, Galaxy: structure, globular clusters: individual: Palomar 5, Astrophysics - Astrophysics of Galaxies, Astrophysics - Solar and Stellar Astrophysics},
         year = "2015",
        month = "Apr",
       volume = {803},
       number = {2},
          eid = {80},
        pages = {80},
          doi = {10.1088/0004-637X/803/2/80},
archivePrefix = {arXiv},
       eprint = {1502.02658},
 primaryClass = {astro-ph.GA},
       adsurl = {https://ui.adsabs.harvard.edu/abs/2015ApJ...803...80K},
      adsnote = {Provided by the SAO/NASA Astrophysics Data System}
}

@ARTICLE{Bovy:2016,
       author = {{Bovy}, Jo and {Bahmanyar}, Anita and {Fritz}, Tobias K. and
         {Kallivayalil}, Nitya},
        title = "{The Shape of the Inner Milky Way Halo from Observations of the Pal 5 and GD--1 Stellar Streams}",
      journal = {\apj},
     keywords = {dark matter, Galaxy: fundamental parameters, Galaxy: halo, Galaxy: kinematics and dynamics, Galaxy: structure, globular clusters: individual: Palomar 5, Astrophysics - Astrophysics of Galaxies, Astrophysics - Cosmology and Nongalactic Astrophysics},
         year = "2016",
        month = "Dec",
       volume = {833},
       number = {1},
          eid = {31},
        pages = {31},
          doi = {10.3847/1538-4357/833/1/31},
archivePrefix = {arXiv},
       eprint = {1609.01298},
 primaryClass = {astro-ph.GA},
       adsurl = {https://ui.adsabs.harvard.edu/abs/2016ApJ...833...31B},
      adsnote = {Provided by the SAO/NASA Astrophysics Data System}
}

@ARTICLE{PriceWhelan:2018,
       author = {{Price-Whelan}, Adrian M. and {Bonaca}, Ana},
        title = "{Off the Beaten Path: Gaia Reveals GD-1 Stars outside of the Main Stream}",
      journal = {\apjl},
     keywords = {dark matter, Galaxy: halo, Galaxy: kinematics and dynamics, Astrophysics - Astrophysics of Galaxies},
         year = "2018",
        month = "Aug",
       volume = {863},
       number = {2},
          eid = {L20},
        pages = {L20},
          doi = {10.3847/2041-8213/aad7b5},
archivePrefix = {arXiv},
       eprint = {1805.00425},
 primaryClass = {astro-ph.GA},
       adsurl = {https://ui.adsabs.harvard.edu/abs/2018ApJ...863L..20P},
      adsnote = {Provided by the SAO/NASA Astrophysics Data System}
}

@ARTICLE{Malhan:2018,
       author = {{Malhan}, Khyati and {Ibata}, Rodrigo A. and {Martin}, Nicolas F.},
        title = "{Ghostly tributaries to the Milky Way: charting the halo's stellar streams with the Gaia DR2 catalogue}",
      journal = {\mnras},
     keywords = {stars: kinematics and dynamics, Galaxy: halo, Galaxy: kinematics and dynamics, Galaxy: structure, Astrophysics - Astrophysics of Galaxies},
         year = "2018",
        month = "Dec",
       volume = {481},
       number = {3},
        pages = {3442-3455},
          doi = {10.1093/mnras/sty2474},
archivePrefix = {arXiv},
       eprint = {1804.11339},
 primaryClass = {astro-ph.GA},
       adsurl = {https://ui.adsabs.harvard.edu/abs/2018MNRAS.481.3442M},
      adsnote = {Provided by the SAO/NASA Astrophysics Data System}
}

@ARTICLE{Shipp:2018,
       author = {{Shipp}, N. and {Drlica-Wagner}, A. and {Balbinot}, E. and
         {Ferguson}, P. and {Erkal}, D. and {Li}, T.~S. and {Bechtol}, K. and
         {Belokurov}, V. and {Buncher}, B. and {Carollo}, D. and
         {Carrasco Kind}, M. and {Kuehn}, K. and {Marshall}, J.~L. and
         {Pace}, A.~B. and {Rykoff}, E.~S. and {Sevilla-Noarbe}, I. and
         {Sheldon}, E. and {Strigari}, L. and {Vivas}, A.~K. and {Yanny}, B. and
         {Zenteno}, A. and {Abbott}, T.~M.~C. and {Abdalla}, F.~B. and
         {Allam}, S. and {Avila}, S. and {Bertin}, E. and {Brooks}, D. and
         {Burke}, D.~L. and {Carretero}, J. and {Castander}, F.~J. and
         {Cawthon}, R. and {Crocce}, M. and {Cunha}, C.~E. and
         {D'Andrea}, C.~B. and {da Costa}, L.~N. and {Davis}, C. and
         {De Vicente}, J. and {Desai}, S. and {Diehl}, H.~T. and {Doel}, P. and
         {Evrard}, A.~E. and {Flaugher}, B. and {Fosalba}, P. and {Frieman}, J. and
         {Garc{\'\i}a-Bellido}, J. and {Gaztanaga}, E. and {Gerdes}, D.~W. and
         {Gruen}, D. and {Gruendl}, R.~A. and {Gschwend}, J. and
         {Gutierrez}, G. and {Hartley}, W. and {Honscheid}, K. and {Hoyle}, B. and
         {James}, D.~J. and {Johnson}, M.~D. and {Krause}, E. and
         {Kuropatkin}, N. and {Lahav}, O. and {Lin}, H. and {Maia}, M.~A.~G. and
         {March}, M. and {Martini}, P. and {Menanteau}, F. and {Miller}, C.~J. and
         {Miquel}, R. and {Nichol}, R.~C. and {Plazas}, A.~A. and
         {Romer}, A.~K. and {Sako}, M. and {Sanchez}, E. and {Santiago}, B. and
         {Scarpine}, V. and {Schindler}, R. and {Schubnell}, M. and {Smith}, M. and
         {Smith}, R.~C. and {Sobreira}, F. and {Suchyta}, E. and
         {Swanson}, M.~E.~C. and {Tarle}, G. and {Thomas}, D. and
         {Tucker}, D.~L. and {Walker}, A.~R. and {Wechsler}, R.~H. and
         {DES Collaboration}},
        title = "{Stellar Streams Discovered in the Dark Energy Survey}",
      journal = {\apj},
     keywords = {Galaxy: halo, Galaxy: structure, Local Group, Astrophysics - Astrophysics of Galaxies, Astrophysics - Cosmology and Nongalactic Astrophysics},
         year = "2018",
        month = "Aug",
       volume = {862},
       number = {2},
          eid = {114},
        pages = {114},
          doi = {10.3847/1538-4357/aacdab},
archivePrefix = {arXiv},
       eprint = {1801.03097},
 primaryClass = {astro-ph.GA},
       adsurl = {https://ui.adsabs.harvard.edu/abs/2018ApJ...862..114S},
      adsnote = {Provided by the SAO/NASA Astrophysics Data System}
}

@ARTICLE{Shipp:2019,
       author = {{Shipp}, N. and {Li}, T.~S. and {Pace}, A.~B. and {Erkal}, D. and
         {Drlica-Wagner}, A. and {Yanny}, B. and {Belokurov}, V. and
         {Wester}, W. and {Koposov}, S.~E. and {Lewis}, G.~F. and
         {Simpson}, J.~D. and {Wan}, Z. and {Zucker}, D.~B. and
         {Martell}, S.~L. and {Wang}, M.~Y.},
        title = "{Proper Motions of Stellar Streams Discovered in the Dark Energy Survey}",
      journal = {arXiv e-prints},
     keywords = {Astrophysics - Astrophysics of Galaxies, Astrophysics - Solar and Stellar Astrophysics},
         year = "2019",
        month = "Jul",
          eid = {arXiv:1907.09488},
        pages = {arXiv:1907.09488},
archivePrefix = {arXiv},
       eprint = {1907.09488},
 primaryClass = {astro-ph.GA},
       adsurl = {https://ui.adsabs.harvard.edu/abs/2019arXiv190709488S},
      adsnote = {Provided by the SAO/NASA Astrophysics Data System}
}

@ARTICLE{PriceWhelan:2014,
       author = {{Price-Whelan}, Adrian M. and {Hogg}, David W. and
         {Johnston}, Kathryn V. and {Hendel}, David},
        title = "{Inferring the Gravitational Potential of the Milky Way with a Few Precisely Measured Stars}",
      journal = {\apj},
     keywords = {dark matter, Galaxy: halo, Galaxy: kinematics and dynamics, Astrophysics - Astrophysics of Galaxies},
         year = "2014",
        month = "Oct",
       volume = {794},
       number = {1},
          eid = {4},
        pages = {4},
          doi = {10.1088/0004-637X/794/1/4},
archivePrefix = {arXiv},
       eprint = {1405.6721},
 primaryClass = {astro-ph.GA},
       adsurl = {https://ui.adsabs.harvard.edu/abs/2014ApJ...794....4P},
      adsnote = {Provided by the SAO/NASA Astrophysics Data System}
}

@ARTICLE{Binney:2008,
       author = {{Binney}, James},
        title = "{Fitting orbits to tidal streams}",
      journal = {\mnras},
     keywords = {stellar dynamics, methods: N-body simulations, Galaxy: kinematics and dynamics, Galaxy: structure, Astrophysics},
         year = "2008",
        month = "May",
       volume = {386},
       number = {1},
        pages = {L47-L51},
          doi = {10.1111/j.1745-3933.2008.00458.x},
archivePrefix = {arXiv},
       eprint = {0802.1485},
 primaryClass = {astro-ph},
       adsurl = {https://ui.adsabs.harvard.edu/abs/2008MNRAS.386L..47B},
      adsnote = {Provided by the SAO/NASA Astrophysics Data System}
}

@ARTICLE{Eyre:2009,
       author = {{Eyre}, Andy and {Binney}, James},
        title = "{Locating the orbits delineated by tidal streams}",
      journal = {\mnras},
     keywords = {stellar dynamics, methods: N-body simulations, Galaxy: kinematics and dynamics, Galaxy: structure, Astrophysics - Galaxy Astrophysics},
         year = "2009",
        month = "Nov",
       volume = {400},
       number = {1},
        pages = {548-560},
          doi = {10.1111/j.1365-2966.2009.15494.x},
archivePrefix = {arXiv},
       eprint = {0907.0360},
 primaryClass = {astro-ph.GA},
       adsurl = {https://ui.adsabs.harvard.edu/abs/2009MNRAS.400..548E},
      adsnote = {Provided by the SAO/NASA Astrophysics Data System}
}

@ARTICLE{Sanders:2013,
       author = {{Sanders}, Jason L. and {Binney}, James},
        title = "{Stream-orbit misalignment - II. A new algorithm to constrain the Galactic potential}",
      journal = {\mnras},
     keywords = {methods: numerical, Galaxy: halo, Galaxy: kinematics and dynamics, Galaxy: structure, galaxies: kinematics and dynamics, Astrophysics - Astrophysics of Galaxies},
         year = "2013",
        month = "Aug",
       volume = {433},
       number = {3},
        pages = {1826-1836},
          doi = {10.1093/mnras/stt816},
archivePrefix = {arXiv},
       eprint = {1305.1937},
 primaryClass = {astro-ph.GA},
       adsurl = {https://ui.adsabs.harvard.edu/abs/2013MNRAS.433.1826S},
      adsnote = {Provided by the SAO/NASA Astrophysics Data System}
}

@ARTICLE{Bonaca:2018,
       author = {{Bonaca}, Ana and {Hogg}, David W.},
        title = "{The Information Content in Cold Stellar Streams}",
      journal = {\apj},
     keywords = {dark matter, Galaxy: halo, Galaxy: kinematics and dynamics, methods: statistical, Astrophysics - Astrophysics of Galaxies},
         year = "2018",
        month = "Nov",
       volume = {867},
       number = {2},
          eid = {101},
        pages = {101},
          doi = {10.3847/1538-4357/aae4da},
archivePrefix = {arXiv},
       eprint = {1804.06854},
 primaryClass = {astro-ph.GA},
       adsurl = {https://ui.adsabs.harvard.edu/abs/2018ApJ...867..101B},
      adsnote = {Provided by the SAO/NASA Astrophysics Data System}
}

@INPROCEEDINGS{Grillmair:2016,
       author = {{Grillmair}, Carl J. and {Carlin}, Jeffrey L.},
        title = "{Stellar Streams and Clouds in the Galactic Halo}",
     keywords = {Physics, Astrophysics - Astrophysics of Galaxies},
    booktitle = {Tidal Streams in the Local Group and Beyond},
         year = "2016",
       editor = {{Newberg}, Heidi Jo and {Carlin}, Jeffrey L.},
       series = {Astrophysics and Space Science Library},
       volume = {420},
        month = "Jan",
        pages = {87},
          doi = {10.1007/978-3-319-19336-6_4},
archivePrefix = {arXiv},
       eprint = {1603.08936},
 primaryClass = {astro-ph.GA},
       adsurl = {https://ui.adsabs.harvard.edu/abs/2016ASSL..420...87G},
      adsnote = {Provided by the SAO/NASA Astrophysics Data System}
}

@ARTICLE{Mateu:2018,
       author = {{Mateu}, Cecilia and {Read}, Justin I. and {Kawata}, Daisuke},
        title = "{Fourteen candidate RR Lyrae star streams in the inner Galaxy}",
      journal = {\mnras},
     keywords = {methods: data analysis, astronomical data bases: miscellaneous, stars: variables: RR Lyrae, Galaxy:halo, Galaxy: structure, Astrophysics - Astrophysics of Galaxies},
         year = "2018",
        month = "Mar",
       volume = {474},
       number = {3},
        pages = {4112-4129},
          doi = {10.1093/mnras/stx2937},
archivePrefix = {arXiv},
       eprint = {1711.03967},
 primaryClass = {astro-ph.GA},
       adsurl = {https://ui.adsabs.harvard.edu/abs/2018MNRAS.474.4112M},
      adsnote = {Provided by the SAO/NASA Astrophysics Data System}
}

@ARTICLE{Chambers:2016,
   author = {{Chambers}, K.~C. and {Magnier}, E.~A. and {Metcalfe}, N. and
	{Flewelling}, H.~A. and {Huber}, M.~E. and {Waters}, C.~Z. and
	{Denneau}, L. and {Draper}, P.~W. and {Farrow}, D. and {Finkbeiner}, D.~P. and
	{Holmberg}, C. and {Koppenhoefer}, J. and {Price}, P.~A. and
	{Saglia}, R.~P. and {Schlafly}, E.~F. and {Smartt}, S.~J. and
	{Sweeney}, W. and {Wainscoat}, R.~J. and {Burgett}, W.~S. and
	{Grav}, T. and {Heasley}, J.~N. and {Hodapp}, K.~W. and {Jedicke}, R. and
	{Kaiser}, N. and {Kudritzki}, R.-P. and {Luppino}, G.~A. and
	{Lupton}, R.~H. and {Monet}, D.~G. and {Morgan}, J.~S. and {Onaka}, P.~M. and
	{Stubbs}, C.~W. and {Tonry}, J.~L. and {Banados}, E. and {Bell}, E.~F. and
	{Bender}, R. and {Bernard}, E.~J. and {Botticella}, M.~T. and
	{Casertano}, S. and {Chastel}, S. and {Chen}, W.-P. and {Chen}, X. and
	{Cole}, S. and {Deacon}, N. and {Frenk}, C. and {Fitzsimmons}, A. and
	{Gezari}, S. and {Goessl}, C. and {Goggia}, T. and {Goldman}, B. and
	{Grebel}, E.~K. and {Hambly}, N.~C. and {Hasinger}, G. and {Heavens}, A.~F. and
	{Heckman}, T.~M. and {Henderson}, R. and {Henning}, T. and {Holman}, M. and
	{Hopp}, U. and {Ip}, W.-H. and {Isani}, S. and {Keyes}, C.~D. and
	{Koekemoer}, A. and {Kotak}, R. and {Long}, K.~S. and {Lucey}, J.~R and
	{Liu}, M. and {Martin}, N.~F. and {McLean}, B. and {Morganson}, E. and
	{Murphy}, D.~N.~A. and {Nieto-Santisteban}, M.~A. and {Norberg}, P. and
	{Peacock}, J.~A. and {Pier}, E.~A. and {Postman}, M. and {Primak}, N. and
	{Rae}, C. and {Rest}, A. and {Riess}, A. and {Riffeser}, A. and
	{Rix}, H.~W. and {Roser}, S. and {Schilbach}, E. and {Schultz}, A.~S.~B. and
	{Scolnic}, D. and {Szalay}, A. and {Seitz}, S. and {Shiao}, B. and
	{Small}, E. and {Smith}, K.~W. and {Soderblom}, D. and {Taylor}, A.~N. and
	{Thakar}, A.~R. and {Thiel}, J. and {Thilker}, D. and {Urata}, Y. and
	{Valenti}, J. and {Walter}, F. and {Watters}, S.~P. and {Werner}, S. and
	{White}, R. and {Wood-Vasey}, W.~M. and {Wyse}, R.},
    title = "{The Pan-STARRS1 Surveys}",
  journal = {ArXiv e-prints},
archivePrefix = "arXiv",
   eprint = {1612.05560},
 primaryClass = "astro-ph.IM",
 keywords = {Astrophysics - Instrumentation and Methods for Astrophysics, Astrophysics - Earth and Planetary Astrophysics, Astrophysics - Astrophysics of Galaxies, Astrophysics - Solar and Stellar Astrophysics},
     year = 2016,
    month = dec,
   adsurl = {http://adsabs.harvard.edu/abs/2016arXiv161205560C},
  adsnote = {Provided by the SAO/NASA Astrophysics Data System}
}

@ARTICLE{Blanton:2017,
       author = {{Blanton}, Michael R. and {Bershady}, Matthew A. and {Abolfathi}, Bela and
         {Albareti}, Franco D. and {Allende Prieto}, Carlos and
         {Almeida}, Andres and {Alonso-Garc{\'\i}a}, Javier and
         {Anders}, Friedrich and {Anderson}, Scott F. and {Andrews}, Brett and
         {Aquino-Ort{\'\i}z}, Erik and {Arag{\'o}n-Salamanca}, Alfonso and
         {Argudo-Fern{\'a}ndez}, Maria and {Armengaud}, Eric and
         {Aubourg}, Eric and {Avila-Reese}, Vladimir and {Badenes}, Carles and
         {Bailey}, Stephen and {Barger}, Kathleen A. and
         {Barrera-Ballesteros}, Jorge and {Bartosz}, Curtis and
         {Bates}, Dominic and {Baumgarten}, Falk and {Bautista}, Julian and
         {Beaton}, Rachael and {Beers}, Timothy C. and {Belfiore}, Francesco and
         {Bender}, Chad F. and {Berlind}, Andreas A. and {Bernardi}, Mariangela and
         {Beutler}, Florian and {Bird}, Jonathan C. and {Bizyaev}, Dmitry and
         {Blanc}, Guillermo A. and {Blomqvist}, Michael and {Bolton}, Adam S. and
         {Boquien}, M{\'e}d{\'e}ric and {Borissova}, Jura and
         {van den Bosch}, Remco and {Bovy}, Jo and {Brandt}, William N. and
         {Brinkmann}, Jonathan and {Brownstein}, Joel R. and {Bundy}, Kevin and
         {Burgasser}, Adam J. and {Burtin}, Etienne and {Busca}, Nicol{\'a}s G. and
         {Cappellari}, Michele and {Delgado Carigi}, Maria Leticia and
         {Carlberg}, Joleen K. and {Carnero Rosell}, Aurelio and
         {Carrera}, Ricardo and {Chanover}, Nancy J. and {Cherinka}, Brian and
         {Cheung}, Edmond and {G{\'o}mez Maqueo Chew}, Yilen and
         {Chiappini}, Cristina and {Choi}, Peter Doohyun and {Chojnowski}, Drew and
         {Chuang}, Chia-Hsun and {Chung}, Haeun and {Cirolini}, Rafael Fernando and
         {Clerc}, Nicolas and {Cohen}, Roger E. and {Comparat}, Johan and
         {da Costa}, Luiz and {Cousinou}, Marie-Claude and {Covey}, Kevin and
         {Crane}, Jeffrey D. and {Croft}, Rupert A.~C. and
         {Cruz-Gonzalez}, Irene and {Garrido Cuadra}, Daniel and {Cunha}, Katia and
         {Damke}, Guillermo J. and {Darling}, Jeremy and {Davies}, Roger and
         {Dawson}, Kyle and {de la Macorra}, Axel and {Dell'Agli}, Flavia and
         {De Lee}, Nathan and {Delubac}, Timoth{\'e}e and {Di Mille}, Francesco and
         {Diamond-Stanic}, Aleks and {Cano-D{\'\i}az}, Mariana and
         {Donor}, John and {Downes}, Juan Jos{\'e} and {Drory}, Niv and
         {du Mas des Bourboux}, H{\'e}lion and {Duckworth}, Christopher J. and
         {Dwelly}, Tom and {Dyer}, Jamie and {Ebelke}, Garrett and
         {Eigenbrot}, Arthur D. and {Eisenstein}, Daniel J. and
         {Emsellem}, Eric and {Eracleous}, Mike and {Escoffier}, Stephanie and
         {Evans}, Michael L. and {Fan}, Xiaohui and {Fern{\'a}ndez-Alvar}, Emma and
         {Fernandez-Trincado}, J.~G. and {Feuillet}, Diane K. and
         {Finoguenov}, Alexis and {Fleming}, Scott W. and {Font-Ribera}, Andreu and
         {Fredrickson}, Alexander and {Freischlad}, Gordon and
         {Frinchaboy}, Peter M. and {Fuentes}, Carla E. and
         {Galbany}, Llu{\'\i}s and {Garcia-Dias}, R. and
         {Garc{\'\i}a-Hern{\'a}ndez}, D.~A. and {Gaulme}, Patrick and
         {Geisler}, Doug and {Gelfand}, Joseph D. and
         {Gil-Mar{\'\i}n}, H{\'e}ctor and {Gillespie}, Bruce A. and
         {Goddard}, Daniel and {Gonzalez-Perez}, Violeta and
         {Grabowski}, Kathleen and {Green}, Paul J. and {Grier}, Catherine J. and
         {Gunn}, James E. and {Guo}, Hong and {Guy}, Julien and {Hagen}, Alex and
         {Hahn}, ChangHoon and {Hall}, Matthew and {Harding}, Paul and
         {Hasselquist}, Sten and {Hawley}, Suzanne L. and {Hearty}, Fred and
         {Gonzalez Hern{\'a}ndez}, Jonay I. and {Ho}, Shirley and
         {Hogg}, David W. and {Holley-Bockelmann}, Kelly and {Holtzman}, Jon A. and
         {Holzer}, Parker H. and {Huehnerhoff}, Joseph and
         {Hutchinson}, Timothy A. and {Hwang}, Ho Seong and
         {Ibarra-Medel}, H{\'e}ctor J. and {da Silva Ilha}, Gabriele and
         {Ivans}, Inese I. and {Ivory}, KeShawn and {Jackson}, Kelly and
         {Jensen}, Trey W. and {Johnson}, Jennifer A. and {Jones}, Amy and
         {J{\"o}nsson}, Henrik and {Jullo}, Eric and {Kamble}, Vikrant and
         {Kinemuchi}, Karen and {Kirkby}, David and {Kitaura}, Francisco-Shu and
         {Klaene}, Mark and {Knapp}, Gillian R. and {Kneib}, Jean-Paul and
         {Kollmeier}, Juna A. and {Lacerna}, Ivan and {Lane}, Richard R. and
         {Lang}, Dustin and {Law}, David R. and {Lazarz}, Daniel and
         {Lee}, Youngbae and {Le Goff}, Jean-Marc and {Liang}, Fu-Heng and
         {Li}, Cheng and {Li}, Hongyu and {Lian}, Jianhui and {Lima}, Marcos and
         {Lin}, Lihwai and {Lin}, Yen-Ting and {Bertran de Lis}, Sara and
         {Liu}, Chao and {de Icaza Lizaola}, Miguel Angel C. and {Long}, Dan and
         {Lucatello}, Sara and {Lundgren}, Britt and {MacDonald}, Nicholas K. and
         {Deconto Machado}, Alice and {MacLeod}, Chelsea L. and
         {Mahadevan}, Suvrath and {Geimba Maia}, Marcio Antonio and
         {Maiolino}, Roberto and {Majewski}, Steven R. and
         {Malanushenko}, Elena and {Malanushenko}, Viktor and
         {Manchado}, Arturo and {Mao}, Shude and {Maraston}, Claudia and
         {Marques-Chaves}, Rui and {Masseron}, Thomas and {Masters}, Karen L. and
         {McBride}, Cameron K. and {McDermid}, Richard M. and
         {McGrath}, Brianne and {McGreer}, Ian D. and
         {Medina Pe{\~n}a}, Nicol{\'a}s and {Melendez}, Matthew and
         {Merloni}, Andrea and {Merrifield}, Michael R. and
         {Meszaros}, Szabolcs and {Meza}, Andres and {Minchev}, Ivan and
         {Minniti}, Dante and {Miyaji}, Takamitsu and {More}, Surhud and
         {Mulchaey}, John and {M{\"u}ller-S{\'a}nchez}, Francisco and
         {Muna}, Demitri and {Munoz}, Ricardo R. and {Myers}, Adam D. and
         {Nair}, Preethi and {Nandra}, Kirpal and
         {Correa do Nascimento}, Janaina and {Negrete}, Alenka and
         {Ness}, Melissa and {Newman}, Jeffrey A. and {Nichol}, Robert C. and
         {Nidever}, David L. and {Nitschelm}, Christian and {Ntelis}, Pierros and
         {O'Connell}, Julia E. and {Oelkers}, Ryan J. and {Oravetz}, Audrey and
         {Oravetz}, Daniel and {Pace}, Zach and {Padilla}, Nelson and
         {Palanque-Delabrouille}, Nathalie and {Alonso Palicio}, Pedro and
         {Pan}, Kaike and {Parejko}, John K. and {Parikh}, Taniya and
         {P{\^a}ris}, Isabelle and {Park}, Changbom and {Patten}, Alim Y. and
         {Peirani}, Sebastien and {Pellejero-Ibanez}, Marcos and
         {Penny}, Samantha and {Percival}, Will J. and {Perez-Fournon}, Ismael and
         {Petitjean}, Patrick and {Pieri}, Matthew M. and {Pinsonneault}, Marc and
         {Pisani}, Alice and {Poleski}, Rados{\l}aw and {Prada}, Francisco and
         {Prakash}, Abhishek and {Queiroz}, Anna B{\'a}rbara de Andrade and
         {Raddick}, M. Jordan and {Raichoor}, Anand and {Barboza Rembold}, Sand
        ro and {Richstein}, Hannah and {Riffel}, Rogemar A. and
         {Riffel}, Rog{\'e}rio and {Rix}, Hans-Walter and {Robin}, Annie C. and
         {Rockosi}, Constance M. and {Rodr{\'\i}guez-Torres}, Sergio and
         {Roman-Lopes}, A. and {Rom{\'a}n-Z{\'u}{\~n}iga}, Carlos and
         {Rosado}, Margarita and {Ross}, Ashley J. and {Rossi}, Graziano and
         {Ruan}, John and {Ruggeri}, Rossana and {Rykoff}, Eli S. and
         {Salazar-Albornoz}, Salvador and {Salvato}, Mara and
         {S{\'a}nchez}, Ariel G. and {Aguado}, D.~S. and
         {S{\'a}nchez-Gallego}, Jos{\'e} R. and {Santana}, Felipe A. and
         {Santiago}, Bas{\'\i}lio Xavier and {Sayres}, Conor and
         {Schiavon}, Ricardo P. and {da Silva Schimoia}, Jaderson and
         {Schlafly}, Edward F. and {Schlegel}, David J. and
         {Schneider}, Donald P. and {Schultheis}, Mathias and
         {Schuster}, William J. and {Schwope}, Axel and {Seo}, Hee-Jong and
         {Shao}, Zhengyi and {Shen}, Shiyin and {Shetrone}, Matthew and
         {Shull}, Michael and {Simon}, Joshua D. and {Skinner}, Danielle and
         {Skrutskie}, M.~F. and {Slosar}, An{\v{z}}e and {Smith}, Verne V. and
         {Sobeck}, Jennifer S. and {Sobreira}, Flavia and {Somers}, Garrett and
         {Souto}, Diogo and {Stark}, David V. and {Stassun}, Keivan and
         {Stauffer}, Fritz and {Steinmetz}, Matthias and
         {Storchi-Bergmann}, Thaisa and {Streblyanska}, Alina and
         {Stringfellow}, Guy S. and {Su{\'a}rez}, Genaro and {Sun}, Jing and
         {Suzuki}, Nao and {Szigeti}, Laszlo and {Taghizadeh-Popp}, Manuchehr and
         {Tang}, Baitian and {Tao}, Charling and {Tayar}, Jamie and
         {Tembe}, Mita and {Teske}, Johanna and {Thakar}, Aniruddha R. and
         {Thomas}, Daniel and {Thompson}, Benjamin A. and {Tinker}, Jeremy L. and
         {Tissera}, Patricia and {Tojeiro}, Rita and {Hernandez Toledo}, Hector and
         {de la Torre}, Sylvain and {Tremonti}, Christy and
         {Troup}, Nicholas W. and {Valenzuela}, Octavio and
         {Martinez Valpuesta}, Inma and {Vargas-Gonz{\'a}lez}, Jaime and
         {Vargas-Maga{\~n}a}, Mariana and {Vazquez}, Jose Alberto and
         {Villanova}, Sandro and {Vivek}, M. and {Vogt}, Nicole and
         {Wake}, David and {Walterbos}, Rene and {Wang}, Yuting and
         {Weaver}, Benjamin Alan and {Weijmans}, Anne-Marie and
         {Weinberg}, David H. and {Westfall}, Kyle B. and {Whelan}, David G. and
         {Wild}, Vivienne and {Wilson}, John and {Wood-Vasey}, W.~M. and
         {Wylezalek}, Dominika and {Xiao}, Ting and {Yan}, Renbin and
         {Yang}, Meng and {Ybarra}, Jason E. and {Y{\`e}che}, Christophe and
         {Zakamska}, Nadia and {Zamora}, Olga and {Zarrouk}, Pauline and
         {Zasowski}, Gail and {Zhang}, Kai and {Zhao}, Gong-Bo and
         {Zheng}, Zheng and {Zheng}, Zheng and {Zhou}, Xu and {Zhou}, Zhi-Min and
         {Zhu}, Guangtun B. and {Zoccali}, Manuela and {Zou}, Hu},
        title = "{Sloan Digital Sky Survey IV: Mapping the Milky Way, Nearby Galaxies, and the Distant Universe}",
      journal = {\aj},
     keywords = {cosmology: observations, galaxies: general, Galaxy: general, instrumentation: spectrographs, stars: general, surveys, Astrophysics - Astrophysics of Galaxies},
         year = "2017",
        month = "Jul",
       volume = {154},
       number = {1},
          eid = {28},
        pages = {28},
          doi = {10.3847/1538-3881/aa7567},
archivePrefix = {arXiv},
       eprint = {1703.00052},
 primaryClass = {astro-ph.GA},
       adsurl = {https://ui.adsabs.harvard.edu/abs/2017AJ....154...28B},
      adsnote = {Provided by the SAO/NASA Astrophysics Data System}
}

@ARTICLE{York:2000,
       author = {{York}, Donald G. and {Adelman}, J. and {Anderson}, John E., Jr. and
         {Anderson}, Scott F. and {Annis}, James and {Bahcall}, Neta A. and
         {Bakken}, J.~A. and {Barkhouser}, Robert and {Bastian}, Steven and
         {Berman}, Eileen and {Boroski}, William N. and {Bracker}, Steve and
         {Briegel}, Charlie and {Briggs}, John W. and {Brinkmann}, J. and
         {Brunner}, Robert and {Burles}, Scott and {Carey}, Larry and
         {Carr}, Michael A. and {Castander}, Francisco J. and {Chen}, Bing and
         {Colestock}, Patrick L. and {Connolly}, A.~J. and {Crocker}, J.~H. and
         {Csabai}, Istv{\'a}n and {Czarapata}, Paul C. and {Davis}, John Eric and
         {Doi}, Mamoru and {Dombeck}, Tom and {Eisenstein}, Daniel and
         {Ellman}, Nancy and {Elms}, Brian R. and {Evans}, Michael L. and
         {Fan}, Xiaohui and {Federwitz}, Glenn R. and {Fiscelli}, Larry and
         {Friedman}, Scott and {Frieman}, Joshua A. and {Fukugita}, Masataka and
         {Gillespie}, Bruce and {Gunn}, James E. and {Gurbani}, Vijay K. and
         {de Haas}, Ernst and {Haldeman}, Merle and {Harris}, Frederick H. and
         {Hayes}, J. and {Heckman}, Timothy M. and {Hennessy}, G.~S. and
         {Hindsley}, Robert B. and {Holm}, Scott and {Holmgren}, Donald J. and
         {Huang}, Chi-hao and {Hull}, Charles and {Husby}, Don and
         {Ichikawa}, Shin-Ichi and {Ichikawa}, Takashi and
         {Ivezi{\'c}}, {\v{Z}}eljko and {Kent}, Stephen and {Kim}, Rita S.~J. and
         {Kinney}, E. and {Klaene}, Mark and {Kleinman}, A.~N. and
         {Kleinman}, S. and {Knapp}, G.~R. and {Korienek}, John and
         {Kron}, Richard G. and {Kunszt}, Peter Z. and {Lamb}, D.~Q. and
         {Lee}, B. and {Leger}, R. French and {Limmongkol}, Siriluk and
         {Lindenmeyer}, Carl and {Long}, Daniel C. and {Loomis}, Craig and
         {Loveday}, Jon and {Lucinio}, Rich and {Lupton}, Robert H. and
         {MacKinnon}, Bryan and {Mannery}, Edward J. and {Mantsch}, P.~M. and
         {Margon}, Bruce and {McGehee}, Peregrine and {McKay}, Timothy A. and
         {Meiksin}, Avery and {Merelli}, Aronne and {Monet}, David G. and
         {Munn}, Jeffrey A. and {Narayanan}, Vijay K. and {Nash}, Thomas and
         {Neilsen}, Eric and {Neswold}, Rich and {Newberg}, Heidi Jo and
         {Nichol}, R.~C. and {Nicinski}, Tom and {Nonino}, Mario and
         {Okada}, Norio and {Okamura}, Sadanori and {Ostriker}, Jeremiah P. and
         {Owen}, Russell and {Pauls}, A. George and {Peoples}, John and
         {Peterson}, R.~L. and {Petravick}, Donald and {Pier}, Jeffrey R. and
         {Pope}, Adrian and {Pordes}, Ruth and {Prosapio}, Angela and
         {Rechenmacher}, Ron and {Quinn}, Thomas R. and {Richards}, Gordon T. and
         {Richmond}, Michael W. and {Rivetta}, Claudio H. and
         {Rockosi}, Constance M. and {Ruthmansdorfer}, Kurt and {Sand
        ford}, Dale and {Schlegel}, David J. and {Schneider}, Donald P. and
         {Sekiguchi}, Maki and {Sergey}, Gary and {Shimasaku}, Kazuhiro and
         {Siegmund}, Walter A. and {Smee}, Stephen and {Smith}, J. Allyn and
         {Snedden}, S. and {Stone}, R. and {Stoughton}, Chris and
         {Strauss}, Michael A. and {Stubbs}, Christopher and {SubbaRao}, Mark and
         {Szalay}, Alexander S. and {Szapudi}, Istvan and {Szokoly}, Gyula P. and
         {Thakar}, Anirudda R. and {Tremonti}, Christy and {Tucker}, Douglas L. and
         {Uomoto}, Alan and {Vanden Berk}, Dan and {Vogeley}, Michael S. and
         {Waddell}, Patrick and {Wang}, Shu-i. and {Watanabe}, Masaru and
         {Weinberg}, David H. and {Yanny}, Brian and {Yasuda}, Naoki and
         {SDSS Collaboration}},
        title = "{The Sloan Digital Sky Survey: Technical Summary}",
      journal = {\aj},
     keywords = {Cosmology: Observations, Instrumentation: Miscellaneous, Astrophysics},
         year = "2000",
        month = "Sep",
       volume = {120},
       number = {3},
        pages = {1579-1587},
          doi = {10.1086/301513},
archivePrefix = {arXiv},
       eprint = {astro-ph/0006396},
 primaryClass = {astro-ph},
       adsurl = {https://ui.adsabs.harvard.edu/abs/2000AJ....120.1579Y},
      adsnote = {Provided by the SAO/NASA Astrophysics Data System}
}

@ARTICLE{DES:2016,
       author = {{Dark Energy Survey Collaboration} and {Abbott}, T. and
         {Abdalla}, F.~B. and {Aleksi{\'c}}, J. and {Allam}, S. and {Amara}, A. and
         {Bacon}, D. and {Balbinot}, E. and {Banerji}, M. and {Bechtol}, K. and
         {Benoit-L{\'e}vy}, A. and {Bernstein}, G.~M. and {Bertin}, E. and
         {Blazek}, J. and {Bonnett}, C. and {Bridle}, S. and {Brooks}, D. and
         {Brunner}, R.~J. and {Buckley-Geer}, E. and {Burke}, D.~L. and
         {Caminha}, G.~B. and {Capozzi}, D. and {Carlsen}, J. and
         {Carnero-Rosell}, A. and {Carollo}, M. and {Carrasco-Kind}, M. and
         {Carretero}, J. and {Castander}, F.~J. and {Clerkin}, L. and
         {Collett}, T. and {Conselice}, C. and {Crocce}, M. and {Cunha}, C.~E. and
         {D'Andrea}, C.~B. and {da Costa}, L.~N. and {Davis}, T.~M. and
         {Desai}, S. and {Diehl}, H.~T. and {Dietrich}, J.~P. and
         {Dodelson}, S. and {Doel}, P. and {Drlica-Wagner}, A. and
         {Estrada}, J. and {Etherington}, J. and {Evrard}, A.~E. and
         {Fabbri}, J. and {Finley}, D.~A. and {Flaugher}, B. and {Foley}, R.~J. and
         {Fosalba}, P. and {Frieman}, J. and {Garc{\'\i}a-Bellido}, J. and
         {Gaztanaga}, E. and {Gerdes}, D.~W. and {Giannantonio}, T. and
         {Goldstein}, D.~A. and {Gruen}, D. and {Gruendl}, R.~A. and
         {Guarnieri}, P. and {Gutierrez}, G. and {Hartley}, W. and
         {Honscheid}, K. and {Jain}, B. and {James}, D.~J. and {Jeltema}, T. and
         {Jouvel}, S. and {Kessler}, R. and {King}, A. and {Kirk}, D. and
         {Kron}, R. and {Kuehn}, K. and {Kuropatkin}, N. and {Lahav}, O. and
         {Li}, T.~S. and {Lima}, M. and {Lin}, H. and {Maia}, M.~A.~G. and
         {Makler}, M. and {Manera}, M. and {Maraston}, C. and {Marshall}, J.~L. and
         {Martini}, P. and {McMahon}, R.~G. and {Melchior}, P. and {Merson}, A. and
         {Miller}, C.~J. and {Miquel}, R. and {Mohr}, J.~J. and
         {Morice-Atkinson}, X. and {Naidoo}, K. and {Neilsen}, E. and
         {Nichol}, R.~C. and {Nord}, B. and {Ogando}, R. and {Ostrovski}, F. and
         {Palmese}, A. and {Papadopoulos}, A. and {Peiris}, H.~V. and
         {Peoples}, J. and {Percival}, W.~J. and {Plazas}, A.~A. and
         {Reed}, S.~L. and {Refregier}, A. and {Romer}, A.~K. and {Roodman}, A. and
         {Ross}, A. and {Rozo}, E. and {Rykoff}, E.~S. and {Sadeh}, I. and
         {Sako}, M. and {S{\'a}nchez}, C. and {Sanchez}, E. and {Santiago}, B. and
         {Scarpine}, V. and {Schubnell}, M. and {Sevilla-Noarbe}, I. and
         {Sheldon}, E. and {Smith}, M. and {Smith}, R.~C. and
         {Soares-Santos}, M. and {Sobreira}, F. and {Soumagnac}, M. and
         {Suchyta}, E. and {Sullivan}, M. and {Swanson}, M. and {Tarle}, G. and
         {Thaler}, J. and {Thomas}, D. and {Thomas}, R.~C. and {Tucker}, D. and
         {Vieira}, J.~D. and {Vikram}, V. and {Walker}, A.~R. and
         {Wechsler}, R.~H. and {Weller}, J. and {Wester}, W. and {Whiteway}, L. and
         {Wilcox}, H. and {Yanny}, B. and {Zhang}, Y. and {Zuntz}, J.},
        title = "{The Dark Energy Survey: more than dark energy - an overview}",
      journal = {\mnras},
     keywords = {surveys, minor planets, asteroids: general, supernovae: general, Galaxy: general, galaxies: general, quasars: general, Astrophysics - Cosmology and Nongalactic Astrophysics, Astrophysics - Astrophysics of Galaxies},
         year = "2016",
        month = "Aug",
       volume = {460},
       number = {2},
        pages = {1270-1299},
          doi = {10.1093/mnras/stw641},
archivePrefix = {arXiv},
       eprint = {1601.00329},
 primaryClass = {astro-ph.CO},
       adsurl = {https://ui.adsabs.harvard.edu/abs/2016MNRAS.460.1270D},
      adsnote = {Provided by the SAO/NASA Astrophysics Data System}
}

@ARTICLE{Gaia:2016,
       author = {{Gaia Collaboration} and {Prusti}, T. and {de Bruijne}, J.~H.~J. and
         {Brown}, A.~G.~A. and {Vallenari}, A. and {Babusiaux}, C. and
         {Bailer-Jones}, C.~A.~L. and {Bastian}, U. and {Biermann}, M. and
         {Evans}, D.~W. and {Eyer}, L. and {Jansen}, F. and {Jordi}, C. and
         {Klioner}, S.~A. and {Lammers}, U. and {Lindegren}, L. and {Luri}, X. and
         {Mignard}, F. and {Milligan}, D.~J. and {Panem}, C. and
         {Poinsignon}, V. and {Pourbaix}, D. and {Randich}, S. and {Sarri}, G. and
         {Sartoretti}, P. and {Siddiqui}, H.~I. and {Soubiran}, C. and
         {Valette}, V. and {van Leeuwen}, F. and {Walton}, N.~A. and
         {Aerts}, C. and {Arenou}, F. and {Cropper}, M. and {Drimmel}, R. and
         {H{\o}g}, E. and {Katz}, D. and {Lattanzi}, M.~G. and {O'Mullane}, W. and
         {Grebel}, E.~K. and {Holland}, A.~D. and {Huc}, C. and {Passot}, X. and
         {Bramante}, L. and {Cacciari}, C. and {Casta{\~n}eda}, J. and
         {Chaoul}, L. and {Cheek}, N. and {De Angeli}, F. and {Fabricius}, C. and
         {Guerra}, R. and {Hern{\'a}ndez}, J. and {Jean-Antoine-Piccolo}, A. and
         {Masana}, E. and {Messineo}, R. and {Mowlavi}, N. and
         {Nienartowicz}, K. and {Ord{\'o}{\~n}ez-Blanco}, D. and {Panuzzo}, P. and
         {Portell}, J. and {Richards}, P.~J. and {Riello}, M. and
         {Seabroke}, G.~M. and {Tanga}, P. and {Th{\'e}venin}, F. and
         {Torra}, J. and {Els}, S.~G. and {Gracia-Abril}, G. and
         {Comoretto}, G. and {Garcia-Reinaldos}, M. and {Lock}, T. and
         {Mercier}, E. and {Altmann}, M. and {Andrae}, R. and
         {Astraatmadja}, T.~L. and {Bellas-Velidis}, I. and {Benson}, K. and
         {Berthier}, J. and {Blomme}, R. and {Busso}, G. and {Carry}, B. and
         {Cellino}, A. and {Clementini}, G. and {Cowell}, S. and {Creevey}, O. and
         {Cuypers}, J. and {Davidson}, M. and {De Ridder}, J. and
         {de Torres}, A. and {Delchambre}, L. and {Dell'Oro}, A. and
         {Ducourant}, C. and {Fr{\'e}mat}, Y. and {Garc{\'\i}a-Torres}, M. and
         {Gosset}, E. and {Halbwachs}, J. -L. and {Hambly}, N.~C. and
         {Harrison}, D.~L. and {Hauser}, M. and {Hestroffer}, D. and
         {Hodgkin}, S.~T. and {Huckle}, H.~E. and {Hutton}, A. and
         {Jasniewicz}, G. and {Jordan}, S. and {Kontizas}, M. and {Korn}, A.~J. and
         {Lanzafame}, A.~C. and {Manteiga}, M. and {Moitinho}, A. and
         {Muinonen}, K. and {Osinde}, J. and {Pancino}, E. and {Pauwels}, T. and
         {Petit}, J. -M. and {Recio-Blanco}, A. and {Robin}, A.~C. and
         {Sarro}, L.~M. and {Siopis}, C. and {Smith}, M. and {Smith}, K.~W. and
         {Sozzetti}, A. and {Thuillot}, W. and {van Reeven}, W. and {Viala}, Y. and
         {Abbas}, U. and {Abreu Aramburu}, A. and {Accart}, S. and
         {Aguado}, J.~J. and {Allan}, P.~M. and {Allasia}, W. and
         {Altavilla}, G. and {{\'A}lvarez}, M.~A. and {Alves}, J. and
         {Anderson}, R.~I. and {Andrei}, A.~H. and {Anglada Varela}, E. and
         {Antiche}, E. and {Antoja}, T. and {Ant{\'o}n}, S. and {Arcay}, B. and
         {Atzei}, A. and {Ayache}, L. and {Bach}, N. and {Baker}, S.~G. and
         {Balaguer-N{\'u}{\~n}ez}, L. and {Barache}, C. and {Barata}, C. and
         {Barbier}, A. and {Barblan}, F. and {Baroni}, M. and
         {Barrado y Navascu{\'e}s}, D. and {Barros}, M. and {Barstow}, M.~A. and
         {Becciani}, U. and {Bellazzini}, M. and {Bellei}, G. and
         {Bello Garc{\'\i}a}, A. and {Belokurov}, V. and {Bendjoya}, P. and
         {Berihuete}, A. and {Bianchi}, L. and {Bienaym{\'e}}, O. and
         {Billebaud}, F. and {Blagorodnova}, N. and {Blanco-Cuaresma}, S. and
         {Boch}, T. and {Bombrun}, A. and {Borrachero}, R. and {Bouquillon}, S. and
         {Bourda}, G. and {Bouy}, H. and {Bragaglia}, A. and {Breddels}, M.~A. and
         {Brouillet}, N. and {Br{\"u}semeister}, T. and {Bucciarelli}, B. and
         {Budnik}, F. and {Burgess}, P. and {Burgon}, R. and {Burlacu}, A. and
         {Busonero}, D. and {Buzzi}, R. and {Caffau}, E. and {Cambras}, J. and
         {Campbell}, H. and {Cancelliere}, R. and {Cantat-Gaudin}, T. and
         {Carlucci}, T. and {Carrasco}, J.~M. and {Castellani}, M. and
         {Charlot}, P. and {Charnas}, J. and {Charvet}, P. and {Chassat}, F. and
         {Chiavassa}, A. and {Clotet}, M. and {Cocozza}, G. and
         {Collins}, R.~S. and {Collins}, P. and {Costigan}, G. and {Crifo}, F. and
         {Cross}, N.~J.~G. and {Crosta}, M. and {Crowley}, C. and {Dafonte}, C. and
         {Damerdji}, Y. and {Dapergolas}, A. and {David}, P. and {David}, M. and
         {De Cat}, P. and {de Felice}, F. and {de Laverny}, P. and
         {De Luise}, F. and {De March}, R. and {de Martino}, D. and
         {de Souza}, R. and {Debosscher}, J. and {del Pozo}, E. and {Delbo}, M. and
         {Delgado}, A. and {Delgado}, H.~E. and {di Marco}, F. and
         {Di Matteo}, P. and {Diakite}, S. and {Distefano}, E. and
         {Dolding}, C. and {Dos Anjos}, S. and {Drazinos}, P. and
         {Dur{\'a}n}, J. and {Dzigan}, Y. and {Ecale}, E. and {Edvardsson}, B. and
         {Enke}, H. and {Erdmann}, M. and {Escolar}, D. and {Espina}, M. and
         {Evans}, N.~W. and {Eynard Bontemps}, G. and {Fabre}, C. and
         {Fabrizio}, M. and {Faigler}, S. and {Falc{\~a}o}, A.~J. and
         {Farr{\`a}s Casas}, M. and {Faye}, F. and {Federici}, L. and
         {Fedorets}, G. and {Fern{\'a}ndez-Hern{\'a}ndez}, J. and
         {Fernique}, P. and {Fienga}, A. and {Figueras}, F. and {Filippi}, F. and
         {Findeisen}, K. and {Fonti}, A. and {Fouesneau}, M. and {Fraile}, E. and
         {Fraser}, M. and {Fuchs}, J. and {Furnell}, R. and {Gai}, M. and
         {Galleti}, S. and {Galluccio}, L. and {Garabato}, D. and
         {Garc{\'\i}a-Sedano}, F. and {Gar{\'e}}, P. and {Garofalo}, A. and
         {Garralda}, N. and {Gavras}, P. and {Gerssen}, J. and {Geyer}, R. and
         {Gilmore}, G. and {Girona}, S. and {Giuffrida}, G. and {Gomes}, M. and
         {Gonz{\'a}lez-Marcos}, A. and {Gonz{\'a}lez-N{\'u}{\~n}ez}, J. and
         {Gonz{\'a}lez-Vidal}, J.~J. and {Granvik}, M. and {Guerrier}, A. and
         {Guillout}, P. and {Guiraud}, J. and {G{\'u}rpide}, A. and
         {Guti{\'e}rrez-S{\'a}nchez}, R. and {Guy}, L.~P. and {Haigron}, R. and
         {Hatzidimitriou}, D. and {Haywood}, M. and {Heiter}, U. and
         {Helmi}, A. and {Hobbs}, D. and {Hofmann}, W. and {Holl}, B. and {Holland
        }, G. and {Hunt}, J.~A.~S. and {Hypki}, A. and {Icardi}, V. and
         {Irwin}, M. and {Jevardat de Fombelle}, G. and {Jofr{\'e}}, P. and
         {Jonker}, P.~G. and {Jorissen}, A. and {Julbe}, F. and
         {Karampelas}, A. and {Kochoska}, A. and {Kohley}, R. and
         {Kolenberg}, K. and {Kontizas}, E. and {Koposov}, S.~E. and
         {Kordopatis}, G. and {Koubsky}, P. and {Kowalczyk}, A. and
         {Krone-Martins}, A. and {Kudryashova}, M. and {Kull}, I. and
         {Bachchan}, R.~K. and {Lacoste-Seris}, F. and {Lanza}, A.~F. and
         {Lavigne}, J. -B. and {Le Poncin-Lafitte}, C. and {Lebreton}, Y. and
         {Lebzelter}, T. and {Leccia}, S. and {Leclerc}, N. and
         {Lecoeur-Taibi}, I. and {Lemaitre}, V. and {Lenhardt}, H. and
         {Leroux}, F. and {Liao}, S. and {Licata}, E. and
         {Lindstr{\o}m}, H.~E.~P. and {Lister}, T.~A. and {Livanou}, E. and
         {Lobel}, A. and {L{\"o}ffler}, W. and {L{\'o}pez}, M. and
         {Lopez-Lozano}, A. and {Lorenz}, D. and {Loureiro}, T. and
         {MacDonald}, I. and {Magalh{\~a}es Fernandes}, T. and {Managau}, S. and
         {Mann}, R.~G. and {Mantelet}, G. and {Marchal}, O. and
         {Marchant}, J.~M. and {Marconi}, M. and {Marie}, J. and {Marinoni}, S. and
         {Marrese}, P.~M. and {Marschalk{\'o}}, G. and {Marshall}, D.~J. and
         {Mart{\'\i}n-Fleitas}, J.~M. and {Martino}, M. and {Mary}, N. and
         {Matijevi{\v{c}}}, G. and {Mazeh}, T. and {McMillan}, P.~J. and
         {Messina}, S. and {Mestre}, A. and {Michalik}, D. and {Millar}, N.~R. and
         {Miranda}, B.~M.~H. and {Molina}, D. and {Molinaro}, R. and
         {Molinaro}, M. and {Moln{\'a}r}, L. and {Moniez}, M. and
         {Montegriffo}, P. and {Monteiro}, D. and {Mor}, R. and {Mora}, A. and
         {Morbidelli}, R. and {Morel}, T. and {Morgenthaler}, S. and
         {Morley}, T. and {Morris}, D. and {Mulone}, A.~F. and {Muraveva}, T. and
         {Musella}, I. and {Narbonne}, J. and {Nelemans}, G. and {Nicastro}, L. and
         {Noval}, L. and {Ord{\'e}novic}, C. and {Ordieres-Mer{\'e}}, J. and
         {Osborne}, P. and {Pagani}, C. and {Pagano}, I. and {Pailler}, F. and
         {Palacin}, H. and {Palaversa}, L. and {Parsons}, P. and {Paulsen}, T. and
         {Pecoraro}, M. and {Pedrosa}, R. and {Pentik{\"a}inen}, H. and
         {Pereira}, J. and {Pichon}, B. and {Piersimoni}, A.~M. and
         {Pineau}, F. -X. and {Plachy}, E. and {Plum}, G. and {Poujoulet}, E. and
         {Pr{\v{s}}a}, A. and {Pulone}, L. and {Ragaini}, S. and {Rago}, S. and
         {Rambaux}, N. and {Ramos-Lerate}, M. and {Ranalli}, P. and {Rauw}, G. and
         {Read}, A. and {Regibo}, S. and {Renk}, F. and {Reyl{\'e}}, C. and
         {Ribeiro}, R.~A. and {Rimoldini}, L. and {Ripepi}, V. and {Riva}, A. and
         {Rixon}, G. and {Roelens}, M. and {Romero-G{\'o}mez}, M. and
         {Rowell}, N. and {Royer}, F. and {Rudolph}, A. and {Ruiz-Dern}, L. and
         {Sadowski}, G. and {Sagrist{\`a} Sell{\'e}s}, T. and {Sahlmann}, J. and
         {Salgado}, J. and {Salguero}, E. and {Sarasso}, M. and {Savietto}, H. and
         {Schnorhk}, A. and {Schultheis}, M. and {Sciacca}, E. and {Segol}, M. and
         {Segovia}, J.~C. and {Segransan}, D. and {Serpell}, E. and
         {Shih}, I. -C. and {Smareglia}, R. and {Smart}, R.~L. and {Smith}, C. and
         {Solano}, E. and {Solitro}, F. and {Sordo}, R. and {Soria Nieto}, S. and
         {Souchay}, J. and {Spagna}, A. and {Spoto}, F. and {Stampa}, U. and
         {Steele}, I.~A. and {Steidelm{\"u}ller}, H. and {Stephenson}, C.~A. and
         {Stoev}, H. and {Suess}, F.~F. and {S{\"u}veges}, M. and {Surdej}, J. and
         {Szabados}, L. and {Szegedi-Elek}, E. and {Tapiador}, D. and
         {Taris}, F. and {Tauran}, G. and {Taylor}, M.~B. and {Teixeira}, R. and
         {Terrett}, D. and {Tingley}, B. and {Trager}, S.~C. and {Turon}, C. and
         {Ulla}, A. and {Utrilla}, E. and {Valentini}, G. and {van Elteren}, A. and
         {Van Hemelryck}, E. and {van Leeuwen}, M. and {Varadi}, M. and
         {Vecchiato}, A. and {Veljanoski}, J. and {Via}, T. and {Vicente}, D. and
         {Vogt}, S. and {Voss}, H. and {Votruba}, V. and {Voutsinas}, S. and
         {Walmsley}, G. and {Weiler}, M. and {Weingrill}, K. and {Werner}, D. and
         {Wevers}, T. and {Whitehead}, G. and {Wyrzykowski}, {\L}. and
         {Yoldas}, A. and {{\v{Z}}erjal}, M. and {Zucker}, S. and {Zurbach}, C. and
         {Zwitter}, T. and {Alecu}, A. and {Allen}, M. and {Allende Prieto}, C. and
         {Amorim}, A. and {Anglada-Escud{\'e}}, G. and {Arsenijevic}, V. and
         {Azaz}, S. and {Balm}, P. and {Beck}, M. and {Bernstein}, H. -H. and
         {Bigot}, L. and {Bijaoui}, A. and {Blasco}, C. and {Bonfigli}, M. and
         {Bono}, G. and {Boudreault}, S. and {Bressan}, A. and {Brown}, S. and
         {Brunet}, P. -M. and {Bunclark}, P. and {Buonanno}, R. and
         {Butkevich}, A.~G. and {Carret}, C. and {Carrion}, C. and {Chemin}, L. and
         {Ch{\'e}reau}, F. and {Corcione}, L. and {Darmigny}, E. and
         {de Boer}, K.~S. and {de Teodoro}, P. and {de Zeeuw}, P.~T. and
         {Delle Luche}, C. and {Domingues}, C.~D. and {Dubath}, P. and
         {Fodor}, F. and {Fr{\'e}zouls}, B. and {Fries}, A. and {Fustes}, D. and
         {Fyfe}, D. and {Gallardo}, E. and {Gallegos}, J. and {Gardiol}, D. and
         {Gebran}, M. and {Gomboc}, A. and {G{\'o}mez}, A. and {Grux}, E. and
         {Gueguen}, A. and {Heyrovsky}, A. and {Hoar}, J. and {Iannicola}, G. and
         {Isasi Parache}, Y. and {Janotto}, A. -M. and {Joliet}, E. and
         {Jonckheere}, A. and {Keil}, R. and {Kim}, D. -W. and {Klagyivik}, P. and
         {Klar}, J. and {Knude}, J. and {Kochukhov}, O. and {Kolka}, I. and
         {Kos}, J. and {Kutka}, A. and {Lainey}, V. and {LeBouquin}, D. and
         {Liu}, C. and {Loreggia}, D. and {Makarov}, V.~V. and
         {Marseille}, M.~G. and {Martayan}, C. and {Martinez-Rubi}, O. and
         {Massart}, B. and {Meynadier}, F. and {Mignot}, S. and {Munari}, U. and
         {Nguyen}, A. -T. and {Nordlander}, T. and {Ocvirk}, P. and
         {O'Flaherty}, K.~S. and {Olias Sanz}, A. and {Ortiz}, P. and
         {Osorio}, J. and {Oszkiewicz}, D. and {Ouzounis}, A. and {Palmer}, M. and
         {Park}, P. and {Pasquato}, E. and {Peltzer}, C. and {Peralta}, J. and
         {P{\'e}turaud}, F. and {Pieniluoma}, T. and {Pigozzi}, E. and
         {Poels}, J. and {Prat}, G. and {Prod'homme}, T. and {Raison}, F. and
         {Rebordao}, J.~M. and {Risquez}, D. and {Rocca-Volmerange}, B. and
         {Rosen}, S. and {Ruiz-Fuertes}, M.~I. and {Russo}, F. and {Sembay}, S. and
         {Serraller Vizcaino}, I. and {Short}, A. and {Siebert}, A. and
         {Silva}, H. and {Sinachopoulos}, D. and {Slezak}, E. and {Soffel}, M. and
         {Sosnowska}, D. and {Strai{\v{z}}ys}, V. and {ter Linden}, M. and
         {Terrell}, D. and {Theil}, S. and {Tiede}, C. and {Troisi}, L. and
         {Tsalmantza}, P. and {Tur}, D. and {Vaccari}, M. and {Vachier}, F. and
         {Valles}, P. and {Van Hamme}, W. and {Veltz}, L. and {Virtanen}, J. and
         {Wallut}, J. -M. and {Wichmann}, R. and {Wilkinson}, M.~I. and
         {Ziaeepour}, H. and {Zschocke}, S.},
        title = "{The Gaia mission}",
      journal = {\aap},
     keywords = {space vehicles: instruments, Galaxy: structure, astrometry, parallaxes, proper motions, telescopes, Astrophysics - Instrumentation and Methods for Astrophysics},
         year = "2016",
        month = "Nov",
       volume = {595},
          eid = {A1},
        pages = {A1},
          doi = {10.1051/0004-6361/201629272},
archivePrefix = {arXiv},
       eprint = {1609.04153},
 primaryClass = {astro-ph.IM},
       adsurl = {https://ui.adsabs.harvard.edu/abs/2016A&A...595A...1G},
      adsnote = {Provided by the SAO/NASA Astrophysics Data System}
}

@ARTICLE{Gaia:2018,
       author = {{Gaia Collaboration} and {Brown}, A.~G.~A. and {Vallenari}, A. and
         {Prusti}, T. and {de Bruijne}, J.~H.~J. and {Babusiaux}, C. and
         {Bailer-Jones}, C.~A.~L. and {Biermann}, M. and {Evans}, D.~W. and
         {Eyer}, L. and {Jansen}, F. and {Jordi}, C. and {Klioner}, S.~A. and
         {Lammers}, U. and {Lindegren}, L. and {Luri}, X. and {Mignard}, F. and
         {Panem}, C. and {Pourbaix}, D. and {Randich}, S. and {Sartoretti}, P. and
         {Siddiqui}, H.~I. and {Soubiran}, C. and {van Leeuwen}, F. and
         {Walton}, N.~A. and {Arenou}, F. and {Bastian}, U. and {Cropper}, M. and
         {Drimmel}, R. and {Katz}, D. and {Lattanzi}, M.~G. and {Bakker}, J. and
         {Cacciari}, C. and {Casta{\~n}eda}, J. and {Chaoul}, L. and
         {Cheek}, N. and {De Angeli}, F. and {Fabricius}, C. and {Guerra}, R. and
         {Holl}, B. and {Masana}, E. and {Messineo}, R. and {Mowlavi}, N. and
         {Nienartowicz}, K. and {Panuzzo}, P. and {Portell}, J. and
         {Riello}, M. and {Seabroke}, G.~M. and {Tanga}, P. and
         {Th{\'e}venin}, F. and {Gracia-Abril}, G. and {Comoretto}, G. and
         {Garcia-Reinaldos}, M. and {Teyssier}, D. and {Altmann}, M. and
         {Andrae}, R. and {Audard}, M. and {Bellas-Velidis}, I. and
         {Benson}, K. and {Berthier}, J. and {Blomme}, R. and {Burgess}, P. and
         {Busso}, G. and {Carry}, B. and {Cellino}, A. and {Clementini}, G. and
         {Clotet}, M. and {Creevey}, O. and {Davidson}, M. and {De Ridder}, J. and
         {Delchambre}, L. and {Dell'Oro}, A. and {Ducourant}, C. and
         {Fern{\'a}ndez-Hern{\'a}ndez}, J. and {Fouesneau}, M. and
         {Fr{\'e}mat}, Y. and {Galluccio}, L. and {Garc{\'\i}a-Torres}, M. and
         {Gonz{\'a}lez-N{\'u}{\~n}ez}, J. and {Gonz{\'a}lez-Vidal}, J.~J. and
         {Gosset}, E. and {Guy}, L.~P. and {Halbwachs}, J. -L. and
         {Hambly}, N.~C. and {Harrison}, D.~L. and {Hern{\'a}ndez}, J. and
         {Hestroffer}, D. and {Hodgkin}, S.~T. and {Hutton}, A. and
         {Jasniewicz}, G. and {Jean-Antoine-Piccolo}, A. and {Jordan}, S. and
         {Korn}, A.~J. and {Krone-Martins}, A. and {Lanzafame}, A.~C. and
         {Lebzelter}, T. and {L{\"o}ffler}, W. and {Manteiga}, M. and
         {Marrese}, P.~M. and {Mart{\'\i}n-Fleitas}, J.~M. and {Moitinho}, A. and
         {Mora}, A. and {Muinonen}, K. and {Osinde}, J. and {Pancino}, E. and
         {Pauwels}, T. and {Petit}, J. -M. and {Recio-Blanco}, A. and
         {Richards}, P.~J. and {Rimoldini}, L. and {Robin}, A.~C. and
         {Sarro}, L.~M. and {Siopis}, C. and {Smith}, M. and {Sozzetti}, A. and
         {S{\"u}veges}, M. and {Torra}, J. and {van Reeven}, W. and {Abbas}, U. and
         {Abreu Aramburu}, A. and {Accart}, S. and {Aerts}, C. and
         {Altavilla}, G. and {{\'A}lvarez}, M.~A. and {Alvarez}, R. and
         {Alves}, J. and {Anderson}, R.~I. and {Andrei}, A.~H. and
         {Anglada Varela}, E. and {Antiche}, E. and {Antoja}, T. and
         {Arcay}, B. and {Astraatmadja}, T.~L. and {Bach}, N. and
         {Baker}, S.~G. and {Balaguer-N{\'u}{\~n}ez}, L. and {Balm}, P. and
         {Barache}, C. and {Barata}, C. and {Barbato}, D. and {Barblan}, F. and
         {Barklem}, P.~S. and {Barrado}, D. and {Barros}, M. and
         {Barstow}, M.~A. and {Bartholom{\'e} Mu{\~n}oz}, S. and
         {Bassilana}, J. -L. and {Becciani}, U. and {Bellazzini}, M. and
         {Berihuete}, A. and {Bertone}, S. and {Bianchi}, L. and
         {Bienaym{\'e}}, O. and {Blanco-Cuaresma}, S. and {Boch}, T. and
         {Boeche}, C. and {Bombrun}, A. and {Borrachero}, R. and {Bossini}, D. and
         {Bouquillon}, S. and {Bourda}, G. and {Bragaglia}, A. and
         {Bramante}, L. and {Breddels}, M.~A. and {Bressan}, A. and
         {Brouillet}, N. and {Br{\"u}semeister}, T. and {Brugaletta}, E. and
         {Bucciarelli}, B. and {Burlacu}, A. and {Busonero}, D. and
         {Butkevich}, A.~G. and {Buzzi}, R. and {Caffau}, E. and
         {Cancelliere}, R. and {Cannizzaro}, G. and {Cantat-Gaudin}, T. and
         {Carballo}, R. and {Carlucci}, T. and {Carrasco}, J.~M. and
         {Casamiquela}, L. and {Castellani}, M. and {Castro-Ginard}, A. and
         {Charlot}, P. and {Chemin}, L. and {Chiavassa}, A. and {Cocozza}, G. and
         {Costigan}, G. and {Cowell}, S. and {Crifo}, F. and {Crosta}, M. and
         {Crowley}, C. and {Cuypers}, J. and {Dafonte}, C. and {Damerdji}, Y. and
         {Dapergolas}, A. and {David}, P. and {David}, M. and {de Laverny}, P. and
         {De Luise}, F. and {De March}, R. and {de Martino}, D. and
         {de Souza}, R. and {de Torres}, A. and {Debosscher}, J. and
         {del Pozo}, E. and {Delbo}, M. and {Delgado}, A. and {Delgado}, H.~E. and
         {Di Matteo}, P. and {Diakite}, S. and {Diener}, C. and {Distefano}, E. and
         {Dolding}, C. and {Drazinos}, P. and {Dur{\'a}n}, J. and
         {Edvardsson}, B. and {Enke}, H. and {Eriksson}, K. and {Esquej}, P. and
         {Eynard Bontemps}, G. and {Fabre}, C. and {Fabrizio}, M. and
         {Faigler}, S. and {Falc{\~a}o}, A.~J. and {Farr{\`a}s Casas}, M. and
         {Federici}, L. and {Fedorets}, G. and {Fernique}, P. and
         {Figueras}, F. and {Filippi}, F. and {Findeisen}, K. and {Fonti}, A. and
         {Fraile}, E. and {Fraser}, M. and {Fr{\'e}zouls}, B. and {Gai}, M. and
         {Galleti}, S. and {Garabato}, D. and {Garc{\'\i}a-Sedano}, F. and
         {Garofalo}, A. and {Garralda}, N. and {Gavel}, A. and {Gavras}, P. and
         {Gerssen}, J. and {Geyer}, R. and {Giacobbe}, P. and {Gilmore}, G. and
         {Girona}, S. and {Giuffrida}, G. and {Glass}, F. and {Gomes}, M. and
         {Granvik}, M. and {Gueguen}, A. and {Guerrier}, A. and {Guiraud}, J. and
         {Guti{\'e}rrez-S{\'a}nchez}, R. and {Haigron}, R. and
         {Hatzidimitriou}, D. and {Hauser}, M. and {Haywood}, M. and
         {Heiter}, U. and {Helmi}, A. and {Heu}, J. and {Hilger}, T. and
         {Hobbs}, D. and {Hofmann}, W. and {Holland}, G. and {Huckle}, H.~E. and
         {Hypki}, A. and {Icardi}, V. and {Jan{\ss}en}, K. and
         {Jevardat de Fombelle}, G. and {Jonker}, P.~G. and
         {Juh{\'a}sz}, {\'A}. L. and {Julbe}, F. and {Karampelas}, A. and
         {Kewley}, A. and {Klar}, J. and {Kochoska}, A. and {Kohley}, R. and
         {Kolenberg}, K. and {Kontizas}, M. and {Kontizas}, E. and
         {Koposov}, S.~E. and {Kordopatis}, G. and {Kostrzewa-Rutkowska}, Z. and
         {Koubsky}, P. and {Lambert}, S. and {Lanza}, A.~F. and {Lasne}, Y. and
         {Lavigne}, J. -B. and {Le Fustec}, Y. and {Le Poncin-Lafitte}, C. and
         {Lebreton}, Y. and {Leccia}, S. and {Leclerc}, N. and
         {Lecoeur-Taibi}, I. and {Lenhardt}, H. and {Leroux}, F. and {Liao}, S. and
         {Licata}, E. and {Lindstr{\o}m}, H.~E.~P. and {Lister}, T.~A. and
         {Livanou}, E. and {Lobel}, A. and {L{\'o}pez}, M. and {Managau}, S. and
         {Mann}, R.~G. and {Mantelet}, G. and {Marchal}, O. and
         {Marchant}, J.~M. and {Marconi}, M. and {Marinoni}, S. and
         {Marschalk{\'o}}, G. and {Marshall}, D.~J. and {Martino}, M. and
         {Marton}, G. and {Mary}, N. and {Massari}, D. and
         {Matijevi{\v{c}}}, G. and {Mazeh}, T. and {McMillan}, P.~J. and
         {Messina}, S. and {Michalik}, D. and {Millar}, N.~R. and {Molina}, D. and
         {Molinaro}, R. and {Moln{\'a}r}, L. and {Montegriffo}, P. and
         {Mor}, R. and {Morbidelli}, R. and {Morel}, T. and {Morris}, D. and
         {Mulone}, A.~F. and {Muraveva}, T. and {Musella}, I. and
         {Nelemans}, G. and {Nicastro}, L. and {Noval}, L. and {O'Mullane}, W. and
         {Ord{\'e}novic}, C. and {Ord{\'o}{\~n}ez-Blanco}, D. and {Osborne}, P. and
         {Pagani}, C. and {Pagano}, I. and {Pailler}, F. and {Palacin}, H. and
         {Palaversa}, L. and {Panahi}, A. and {Pawlak}, M. and
         {Piersimoni}, A.~M. and {Pineau}, F. -X. and {Plachy}, E. and
         {Plum}, G. and {Poggio}, E. and {Poujoulet}, E. and {Pr{\v{s}}a}, A. and
         {Pulone}, L. and {Racero}, E. and {Ragaini}, S. and {Rambaux}, N. and
         {Ramos-Lerate}, M. and {Regibo}, S. and {Reyl{\'e}}, C. and
         {Riclet}, F. and {Ripepi}, V. and {Riva}, A. and {Rivard}, A. and
         {Rixon}, G. and {Roegiers}, T. and {Roelens}, M. and
         {Romero-G{\'o}mez}, M. and {Rowell}, N. and {Royer}, F. and
         {Ruiz-Dern}, L. and {Sadowski}, G. and {Sagrist{\`a} Sell{\'e}s}, T. and
         {Sahlmann}, J. and {Salgado}, J. and {Salguero}, E. and {Sanna}, N. and
         {Santana-Ros}, T. and {Sarasso}, M. and {Savietto}, H. and
         {Schultheis}, M. and {Sciacca}, E. and {Segol}, M. and
         {Segovia}, J.~C. and {S{\'e}gransan}, D. and {Shih}, I. -C. and
         {Siltala}, L. and {Silva}, A.~F. and {Smart}, R.~L. and {Smith}, K.~W. and
         {Solano}, E. and {Solitro}, F. and {Sordo}, R. and {Soria Nieto}, S. and
         {Souchay}, J. and {Spagna}, A. and {Spoto}, F. and {Stampa}, U. and
         {Steele}, I.~A. and {Steidelm{\"u}ller}, H. and {Stephenson}, C.~A. and
         {Stoev}, H. and {Suess}, F.~F. and {Surdej}, J. and {Szabados}, L. and
         {Szegedi-Elek}, E. and {Tapiador}, D. and {Taris}, F. and {Tauran}, G. and
         {Taylor}, M.~B. and {Teixeira}, R. and {Terrett}, D. and {Teyssand
        ier}, P. and {Thuillot}, W. and {Titarenko}, A. and {Torra Clotet}, F. and
         {Turon}, C. and {Ulla}, A. and {Utrilla}, E. and {Uzzi}, S. and
         {Vaillant}, M. and {Valentini}, G. and {Valette}, V. and
         {van Elteren}, A. and {Van Hemelryck}, E. and {van Leeuwen}, M. and
         {Vaschetto}, M. and {Vecchiato}, A. and {Veljanoski}, J. and
         {Viala}, Y. and {Vicente}, D. and {Vogt}, S. and {von Essen}, C. and
         {Voss}, H. and {Votruba}, V. and {Voutsinas}, S. and {Walmsley}, G. and
         {Weiler}, M. and {Wertz}, O. and {Wevers}, T. and {Wyrzykowski}, {\L}. and
         {Yoldas}, A. and {{\v{Z}}erjal}, M. and {Ziaeepour}, H. and
         {Zorec}, J. and {Zschocke}, S. and {Zucker}, S. and {Zurbach}, C. and
         {Zwitter}, T.},
        title = "{Gaia Data Release 2. Summary of the contents and survey properties}",
      journal = {\aap},
     keywords = {catalogs, astrometry, techniques: radial velocities, stars: fundamental parameters, stars: variables: general, minor planets, asteroids: general, Astrophysics - Astrophysics of Galaxies, Astrophysics - Instrumentation and Methods for Astrophysics},
         year = "2018",
        month = "Aug",
       volume = {616},
          eid = {A1},
        pages = {A1},
          doi = {10.1051/0004-6361/201833051},
archivePrefix = {arXiv},
       eprint = {1804.09365},
 primaryClass = {astro-ph.GA},
       adsurl = {https://ui.adsabs.harvard.edu/abs/2018A&A...616A...1G},
      adsnote = {Provided by the SAO/NASA Astrophysics Data System}
}

@ARTICLE{Balbinot:2018,
       author = {{Balbinot}, Eduardo and {Gieles}, Mark},
        title = "{The devil is in the tails: the role of globular cluster mass evolution on stream properties}",
      journal = {\mnras},
     keywords = {globular clusters: general, Galaxy: structure, Astrophysics - Astrophysics of Galaxies, Astrophysics - Cosmology and Nongalactic Astrophysics},
         year = "2018",
        month = "Feb",
       volume = {474},
       number = {2},
        pages = {2479-2492},
          doi = {10.1093/mnras/stx2708},
archivePrefix = {arXiv},
       eprint = {1702.02543},
 primaryClass = {astro-ph.GA},
       adsurl = {https://ui.adsabs.harvard.edu/abs/2018MNRAS.474.2479B},
      adsnote = {Provided by the SAO/NASA Astrophysics Data System}
}


@ARTICLE{Kundu:2019,
       author = {{Kundu}, Richa and {Minniti}, Dante and {Singh}, Harinder P.},
        title = "{Search for extra-tidal RR Lyrae stars in Milky Way globular clusters from Gaia DR2}",
      journal = {\mnras},
     keywords = {proper motion, stars: variables: RR Lyrae, globular clusters: individual: NGC 3201, NGC 5024, Astrophysics - Astrophysics of Galaxies},
         year = "2019",
        month = "Feb",
       volume = {483},
       number = {2},
        pages = {1737-1743},
          doi = {10.1093/mnras/sty3239},
archivePrefix = {arXiv},
       eprint = {1811.11130},
 primaryClass = {astro-ph.GA},
       adsurl = {https://ui.adsabs.harvard.edu/abs/2019MNRAS.483.1737K},
      adsnote = {Provided by the SAO/NASA Astrophysics Data System}
}

@ARTICLE{Leon:2000,
       author = {{Leon}, S. and {Meylan}, G. and {Combes}, F.},
        title = "{Tidal tails around 20 Galactic globular clusters. Observational evidence for gravitational disk/bulge shocking}",
      journal = {\aap},
     keywords = {TECHNIQUES: IMAGE PROCESSING, ISM: DUST, EXTINCTION, GALAXY: GLOBULAR CLUSTERS: GENERAL, GALAXY: STRUCTURE, COSMOLOGY: LARGE-SCALE STRUCTURE OF UNIVERSE, Astrophysics},
         year = "2000",
        month = "Jul",
       volume = {359},
        pages = {907-931},
archivePrefix = {arXiv},
       eprint = {astro-ph/0006100},
 primaryClass = {astro-ph},
       adsurl = {https://ui.adsabs.harvard.edu/abs/2000A&A...359..907L},
      adsnote = {Provided by the SAO/NASA Astrophysics Data System}
}

@ARTICLE{Erkal:2017,
       author = {{Erkal}, Denis and {Koposov}, Sergey E. and {Belokurov}, Vasily},
        title = "{A sharper view of Pal 5's tails: discovery of stream perturbations with a novel non-parametric technique}",
      journal = {\mnras},
     keywords = {Galaxy: fundamental parameters, globular clusters: individual (Palomar 5), Galaxy: structure, dark matter, Astrophysics - Astrophysics of Galaxies},
         year = "2017",
        month = "Sep",
       volume = {470},
       number = {1},
        pages = {60-84},
          doi = {10.1093/mnras/stx1208},
archivePrefix = {arXiv},
       eprint = {1609.01282},
 primaryClass = {astro-ph.GA},
       adsurl = {https://ui.adsabs.harvard.edu/abs/2017MNRAS.470...60E},
      adsnote = {Provided by the SAO/NASA Astrophysics Data System}
}

@ARTICLE{Rockosi:2002,
       author = {{Rockosi}, Constance M. and {Odenkirchen}, Michael and {Grebel}, Eva K. and
         {Dehnen}, Walter and {Cudworth}, Kyle M. and {Gunn}, James E. and
         {York}, Donald G. and {Brinkmann}, J. and {Hennessy}, G.~S. and
         {Ivezi{\'c}}, {\v{Z}}eljko},
        title = "{A Matched-Filter Analysis of the Tidal Tails of the Globular Cluster Palomar 5}",
      journal = {\aj},
     keywords = {Galaxy: Halo, Galaxy: Kinematics and Dynamics, Galaxy: Structure, Galaxy: Globular Clusters: Individual: Name: Palomar 5},
         year = "2002",
        month = "Jul",
       volume = {124},
       number = {1},
        pages = {349-363},
          doi = {10.1086/340957},
       adsurl = {https://ui.adsabs.harvard.edu/abs/2002AJ....124..349R},
      adsnote = {Provided by the SAO/NASA Astrophysics Data System}
}

@ARTICLE{Ibata:2017,
       author = {{Ibata}, Rodrigo A. and {Lewis}, Geraint F. and {Thomas}, Guillaume and
         {Martin}, Nicolas F. and {Chapman}, Scott},
        title = "{Feeling the Pull: A Study of Natural Galactic Accelerometers. II. Kinematics and Mass of the Delicate Stellar Stream of the Palomar 5 Globular Cluster}",
      journal = {\apj},
     keywords = {Galaxy: halo, globular clusters: individual: Palomar 5, Astrophysics - Astrophysics of Galaxies},
         year = "2017",
        month = "Jun",
       volume = {842},
       number = {2},
          eid = {120},
        pages = {120},
          doi = {10.3847/1538-4357/aa7514},
archivePrefix = {arXiv},
       eprint = {1708.06360},
 primaryClass = {astro-ph.GA},
       adsurl = {https://ui.adsabs.harvard.edu/abs/2017ApJ...842..120I},
      adsnote = {Provided by the SAO/NASA Astrophysics Data System}
}

@ARTICLE{Amorisco:2016,
       author = {{Amorisco}, Nicola C. and {G{\'o}mez}, Facundo A. and {Vegetti}, Simona and
         {White}, Simon D.~M.},
        title = "{Gaps in globular cluster streams: giant molecular clouds can cause them too}",
      journal = {\mnras},
     keywords = {galaxies: haloes, galaxies: kinematics and dynamics, galaxies: structure, cosmology: theory, dark matter, Astrophysics - Astrophysics of Galaxies, Astrophysics - Cosmology and Nongalactic Astrophysics},
         year = "2016",
        month = "Nov",
       volume = {463},
       number = {1},
        pages = {L17-L21},
          doi = {10.1093/mnrasl/slw148},
archivePrefix = {arXiv},
       eprint = {1606.02715},
 primaryClass = {astro-ph.GA},
       adsurl = {https://ui.adsabs.harvard.edu/abs/2016MNRAS.463L..17A},
      adsnote = {Provided by the SAO/NASA Astrophysics Data System}
}

@ARTICLE{PriceWhelan:2013,
       author = {{Price-Whelan}, Adrian M. and {Johnston}, Kathryn V.},
        title = "{Spitzer, Gaia, and the Potential of the Milky Way}",
      journal = {\apjl},
     keywords = {dark matter, Galaxy: halo, Galaxy: structure, Astrophysics - Cosmology and Extragalactic Astrophysics, Astrophysics - Galaxy Astrophysics},
         year = "2013",
        month = "Nov",
       volume = {778},
       number = {1},
          eid = {L12},
        pages = {L12},
          doi = {10.1088/2041-8205/778/1/L12},
archivePrefix = {arXiv},
       eprint = {1308.2670},
 primaryClass = {astro-ph.CO},
       adsurl = {https://ui.adsabs.harvard.edu/abs/2013ApJ...778L..12P},
      adsnote = {Provided by the SAO/NASA Astrophysics Data System}
}

@article{Bovy:XD,
author = "Bovy, Jo and Hogg, David W. and Roweis, Sam T.",
doi = "10.1214/10-AOAS439",
fjournal = "The Annals of Applied Statistics",
journal = "Ann. Appl. Stat.",
month = "06",
number = "2B",
pages = "1657--1677",
publisher = "The Institute of Mathematical Statistics",
title = "Extreme deconvolution: Inferring complete distribution functions from noisy, heterogeneous and incomplete observations",
url = "https://doi.org/10.1214/10-AOAS439",
volume = "5",
year = "2011"
}

@ARTICLE{Vasiliev:2019,
       author = {{Vasiliev}, Eugene},
        title = "{Proper motions and dynamics of the Milky Way globular cluster system from Gaia DR2}",
      journal = {\mnras},
     keywords = {catalogues, proper motions, globular clusters: general, Galaxy: kinematics and dynamics, Astrophysics - Astrophysics of Galaxies},
         year = "2019",
        month = "Apr",
       volume = {484},
       number = {2},
        pages = {2832-2850},
          doi = {10.1093/mnras/stz171},
archivePrefix = {arXiv},
       eprint = {1807.09775},
 primaryClass = {astro-ph.GA},
       adsurl = {https://ui.adsabs.harvard.edu/abs/2019MNRAS.484.2832V},
      adsnote = {Provided by the SAO/NASA Astrophysics Data System}
}

@ARTICLE{Gelman:1992,
       author = {{Gelman}, Andrew and {Rubin}, Donald B.},
        title = "{Inference from Iterative Simulation Using Multiple Sequences}",
      journal = {Statistical Science},
         year = "1992",
        month = "Jan",
       volume = {7},
        pages = {457-472},
          doi = {10.1214/ss/1177011136},
       adsurl = {https://ui.adsabs.harvard.edu/abs/1992StaSc...7..457G},
      adsnote = {Provided by the SAO/NASA Astrophysics Data System}
}

@misc{DFM:blog,
  author       = {Foreman-Mackey, Daniel},
  title        = {Blog Post: Mixture Models},
  month        = dec,
  year         = 2014,
  doi          = {10.5281/zenodo.15856},
  url          = {https://doi.org/10.5281/zenodo.15856}
}